2820 5152
544 425 699 443 --
1097 393 1148 460 37

92 587 224 664 estens
243 586 277 663 et
297 569 406 656 idem,
419 580 456 642 si
479 575 521 642 ad
545 578 606 644 alia
625 577 789 658 refertur,
815 601 885 644 nan
908 601 967 643 eus
983 590 1017 644 et
1035 579 1146 645 diver-

94 720 200 792 sums
223 697 423 792 *Est'igit'ur
445 709 558 763 matus
584 711 618 763 et
644 721 703 762 ens
733 710 767 764 et
787 699 875 763 idem
904 711 938 762 et
963 701 1143 786 diversum,

95 830 130 883 et
144 817 296 882 similiter
309 811 443 910 reliquass
475 809 511 884 N
516 841 552 884 ec
566 829 680 884 tamen
694 820 822 906 'sisagula
835 843 881 885 ex
894 819 946 882 his
960 831 1016 882 aut
1031 827 1143 885 omnia

94 950 176 1003 sunt
195 949 253 1002 aut
272 935 364 1001 nihil.
424 936 481 1004 Ex
504 938 640 1026 quibus,
676 939 767 1028 quo'd
786 939 957 1028 velumus,
991 940 1141 1020 efficitur,

96 1055 276 1147 quamlibet
289 1056 398 1123 ideam
418 1077 489 1123 esse
504 1065 541 1128 ἓν
550 1064 612 1132 'isai
627 1055 752 1142 πολλά,
777 1064 844 1124 sive
860 1083 964 1123 unum
979 1071 1013 1123 et
1025 1061 1140 1140 multa,

96 1178 324 1279 ‘1¹39‘l...l⁷‘ll'l⁰⁰
347 1180 384 1241 in
413 1199 451 1242 ea
474 1183 587 1244 insunt
616 1184 846 1272 proplietates.
906 1180 1008 1260 Quod
1034 1185 1140 1267 magis

93 1303 270 1390 perspicue
295 1293 454 1364 dicitur
434 1322 474 1367 aa
488 1302 546 1372 καὶ
561 1293 609 1390 μὴ
626 1295 674 1370 ὅν.
732 1298 862 1388 Itaque,
887 1310 925 1364 ut
947 1298 1137 1364 scholastice

92 1419 264 1488 brevitatis
285 1440 382 1486 causa
403 1419 528 1506 dicam,
558 1419 754 1508 complexus
773 1419 866 1485 ideae
883 1422 920 1502 (i.
935 1443 964 1487 e.
982 1426 1139 1508 proprie-

93 1550 195 1642 tates,
235 1497 353 1628 quibus
379 1545 472 1606 natio
497 1551 656 1630 tanquam
677 1564 743 1606 una
764 1535 955 1660 abselvitut)
983 1562 1139 1626 camp1e-

92 1659 211 1747 hendit
227 1681 334 1758 unum
356 1669 389 1723 et
400 1659 549 1724 multa
523 1683 591 1727 save
605 1666 728 1744 vana,
736 1651 844 1749 neque
849 1661 909 1725 est
921 1664 967 1724 ita
983 1660 1137 1748 simplex,

92 1785 189 1844 utin
210 1801 248 1844 ea
271 1748 355 1857 nihil
377 1778 557 1868 quidquam
575 1779 748 1870 cogitando
764 1781 994 1845 discernatur..
1032 1780 1138 1846 Aliud.

91 1906 163 1998 eiqs
175 1874 230 1964 'rei
245 1876 440 1985 exemplum
453 1903 489 1963 in
498 1898 695 1966 Parmenide
713 1898 1024 1988 (129.B.)legaur.·
1054 1902 1137 1966 Nan

91 1991 238 2114 mirum,
263 2023 308 2082 ait
327 2017 495 2100 Socrates,
520 2041 612 2110 esse,
632 2024 661 2084 si
686 2025 758 2108 quis
781 2043 853 2106 res,
878 2002 962 2107 quae
983 2022 1137 2087 similitu-

92 2140 179 2204 dinis
194 2150 227 2204 et
241 2138 512 2204 dissimilitudinis
528 2144 706 2204 notionum
720 2145 896 2228 participes
915 2153 1032 2220 essent,
1049 2147 1136 2227 ipsas

82 2264 145 2324 'sui
161 2231 332 2323 dissimiles
352 2271 410 2324 aut
423 2283 530 2325 unum
553 2269 586 2324 et
605 2259 709 2323 multa
736 2281 777 2346 pl
780 2272 874 2347 apter
899 2261 1050 2326 eandem
1058 2285 1136 2325 cau

93 2403 166 2450 sam
192 2352 325 2480 diceret.
384 2377 422 2444 Id
443 2401 523 2446 vero
544 2401 705 2466 magnum
729 2391 763 2444 et
782 2377 989 2467 praeclarum
1021 2381 1135 2462 videri,

92 2506 201 2594 ipsam
221 2498 468 2565 similitudinem
488 2505 540 2564 sui
561 2499 752 2564 dissimulem
777 2504 831 2563 et
821 2523 949 2586 1psum,
976 2497 1074 2586 quad
1082 2522 1135 2562 es-

91 2632 143 2686 set
143 2641 271 2713 unum,
294 2619 395 2684 multa
398 2624 531 2712 atque
520 2625 664 2686 anvicem
677 2619 924 2684 multitudinem
935 2641 1004 2682 esse
1018 2643 1134 2697 unum,

92 2697 266 2831 ostendere
284 2738 328 2830 (εἰ
344 2735 531 2820 dioneia,
557 2733 639 2807 αὐτὰ
654 2733 873 2806 τοῦτο·πολλᾶ
891 2735 1055 2822 ἀποδείξει
1066 2740 1135 2808 ’καὶ

91 2851 137 2943 αὖ
151 2855 193 2928 τὰ
214 2855 320 2928 πολλὰ
335 2853 376 2943 ὃν)
399 2866 449 2944 iv,
476 2860 578 2926 τοῦτο
596 2854 662 2943 ἤδη
682 2855 930 2946 θαυμάσομαι).
962 2858 1044 2922 Hie
1064 2881 1135 2922 non

91 2982 132 3045 de
137 2980 357 3086 multitudine
372 2984 558 3066 specierum
573 2991 607 3044 et
621 2978 807 3044 fomnaium
820 3003 888 3044 uno
902 3001 1024 3066 genere
1040 3001 1135 3042 com

90 3062 333 3187 piehensalrum
355 3099 436 3180 diei,
456 3099 515 3164 sed
537 3099 578 3164 de
592 3103 748 3164 va1ietate
766 3111 799 3163 et
814 3099 1001 3163 diffetentia
1022 3100 1138 3162 natio·
1140 3113 1142 3116 ’

90 3243 173 3285 num
189 3225 225 3284 in
241 3242 307 3284 una
322 3223 457 3284 notione
476 3221 565 3305 (tata
543 3227 580 3300 a)
597 3217 840 3304 copulatarum,
867 3240 911 3282 ex
925 3217 991 3282 laci
1003 3223 1132 3282 ratione

90 3351 239 3429 apparet.
264 3339 419 3427 Namque
434 3343 504 3427 ipsa
521 3360 643 3426 genera
659 3343 857 3402 cenationes
873 3339 961 3425 (γένη
979 3341 1035 3406 καὶ
1049 3339 1133 3422 εἴδη)

90 3465 178 3526 inter
204 3483 239 3525 se
260 3459 408 3549 copulari
432 3471 467 3524 et
490 3467 635 3546 μετέχειν
654 3455 820 3542 ἀλλήλων,
850 3469 883 3521 et
907 3469 1023 3522 contra
1041 3457 1133 3518 disti*

92 3585 225 3646 neriae
249 3581 391 3670 disiungi
414 3579 549 3658 debere,
578 3577 706 3643 difficile
729 3589 778 3642 est
795 3577 837 3642 ad
862 3577 1058 3642 docendum.
1083 3611 1133 3621 —

94 3698 165 3764 Iam
188 3721 268 3771 uere
292 3712 424 3789 praeter
447 3695 533 3764 hane
552 3696 645 3762 ideae
664 3703 821 3763 unitatem
845 3711 877 3764 et
889 3695 1134 3762 multitudinem

93 3819 196 3884 altera
218 3825 404 3908 potestatis,
435 3840 500 3906 qua
526 3815 684 3882 subiectas
705 3824 820 3906 generi
843 3817 968 3882 formas
991 3819 1137 3879 continet

94 3935 236 4032 (l'liileb.
255 3940 311 4004 12.
324 3940 396 4024 lt),
422 3945 604 4025 reperitur,
626 3937 728 4004 veluti
749 3962 853 4026 quum
872 3941 984 4020 uirtuti
997 3935 1135 4018 ‘subesse

92 4066 256 4127 victutum
279 4058 402 4126 formas
424 4060 581 4142 dicimus,
607 4071 644 4125 ut
665 4062 899 4138 constantiam,
931 4057 1133 4122 mederatio-
