2820 5152
91 599 129 666 Ο.
143 594 186 666 τὸ
205 593 506 688 ξύμμιςγόμεὰον),’
533 597 590 665 nei
613 597 787 667 materiam
813 596 1082 694 rerum'legibn't
1094 602 1137 678 vet

89 719 200 785 modis
223 713 369 810 (πέρασι)
393 730 624 806 temperatam.
969 723 971 728 '

194 835 321 904 Utrum
344 859 424 904 vero
445 844 482 903 in
503 845 697 906 universum
718 840 801 908 haee
823 865 842 908 a
861 843 1000 910 Platone
1020 846 1137 935 dispu-

91 971 158 1024 tatn
173 963 254 1042 aiut,
278 981 320 1022 an
336 963 523 1048 respexerit
541 972 666 1025 certam
679 966 843 1049 quandam
859 963 1137 1054 philosophemur

94 1084 302 1167 opinionem,
329 1079 497 1146 affirmare
511 1084 700 1166 inpromtu
720 1105 789 1148 non
811 1083 938 1158 habeon
966 1091 1032 1151 nisi
1049 1086 1138 1154 forte

94 1197 340 1265 Anaximandri
377 1209 411 1264 et
436 1197 658 1289 Physi'oorum
685 1209 944 1270 commentitiam
972 1211 1135 1274 universi-

92 1331 195 1384 tatem
217 1323 416 1407 perstrinxit
432 1317 475 1406 ⁶²)
523 1315 659 1386 Etenim
676 1345 785 1411 neque
807 1303 998 1391 Parmenidi
1025 1349 1136 1416 neque

92 1441 222 1506 Platoni
250 1439 336 1504 hanc
357 1446 571 1520 sententiam,
603 1466 668 1529 qua
689 1442 939 1511 confunduntur
962 1447 1073 1512 omnia
1098 1454 1135 1512 in

94 1585 220 1640 unum,
254 1579 316 1625 nec
342 1566 589 1649 coniunguntur
612 1574 671 1627 eut
692 1563 942 1651 disiunguntur,
978 1578 1136 1656 tanquam

92 1705 206 1748 veram
229 1681 331 1747 tribui
353 1680 439 1746 licet.

549 1881 575 1972 t.
620 1885 680 1950 21.

196 2037 306 2118 Quam
335 2041 496 2106 unitatem
518 2037 733 2104 Parmenides
754 2037 863 2104 adhuc
885 2061 946 2127 per
973 2062 1009 2105 ee
1030 2051 1062 2104 et
1080 2064 1136 2106 eo«

93 2157 161 2220 lom
182 2165 382 2246 persecutae
395 2169 467 2239 eet,
490 2179 563 2223 eam
584 2179 676 2224 nuno
696 2157 739 2222 ad
763 2159 878 2223 multa.
894 2165 937 2224 ite
954 2159 1073 2238 iei'ert,
1100 2173 1138 2226 ut

92 2300 201 2342 uarum
222 2289 254 2341 et
275 2278 380 2343 multu
402 2289 560 2368 tanquam
583 2290 693 2344 unum
714 2288 835 2342 utnon
857 2301 966 2344 umam
986 2284 1137 2367 opposita

95 2418 166 2461 osee
193 2410 362 2483 appareat.
419 2398 557 2478 Quaerit
590 2409 702 2464 antem
731 2397 814 2462 hoc:
852 2398 961 2486 qualia
984 2405 1139 2466 'convenit

94 2539 165 2582 esse
182 2517 242 2582 alia
263 2511 321 2600 (τᾶ
336 2511 454 2605 ἄλλα),
482 2524 510 2582 ai
529 2529 577 2583 est
598 2517 728 2582 unum?

122 2649 124 2656 '
195 2639 240 2704 Et
263 2637 344 2704 haec
364 2638 500 2728 quidem
520 2643 547 2702 si
574 2649 791 2726 opponuntur
815 2641 864 2717 ei,
897 2635 1003 2724 quod,
1032 2655 1138 2724 quum

94 2758 235 2824 modum
257 2771 290 2824 et
308 2758 411 2824 finem
427 2763 463 2822 in
484 2779 520 2823 ee
539 2756 676 2841 habeat,
697 2769 747 2822 est
762 2780 841 2824 vere
859 2763 965 2824 uniam
985 2769 1018 2822 et
1037 2757 1139 2839 idem,

94 2885 308 2968 reperiuntur
321 2901 391 2944 esse
406 2877 547 2960 multae,
571 2881 608 2942 iu
620 2889 729 2943 totum
743 2877 910 2966 quoddam
932 2875 947 2968 (
948 2873 1040 2968 ὅλον)
1055 2900 1138 2944 con-

94 3006 225 3066 iunctae
247 3007 368 3088 partes.
433 2997 534 3080 Quod
557 3004 714 3087 quoniam
738 3023 783 3066 ex
809 2999 957 3089 pertibus
979 3003 1137 3078 consistit,

94 3131 145 3185 eat
159 3131 318 3186 intumet
334 3125 380 3186 sic
403 3143 510 3186 unum
526 3119 790 3209 quodammodo,
817 3141 881 3183 nec
895 3130 1008 3184 tamen
1030 3141 1138 3188 unum

93 3246 233 3307 omnino
252 3239 436 3328 (παντελῶς
451 3247 488 3309 tv
512 3239 595 3306 157.
610 3237 666 3330 C.)
712 3239 827 3306 Partes
844 3261 924 3304 vero
944 3244 1044 3304 totiui
1062 3252 1139 3306 sunt

93 3373 224 3450 partes,
247 3361 446 3448 eaedemque
466 3365 555 3448 ipsae
568 3371 636 3425 tota
654 3371 688 3424 et
704 3364 844 3424 unitates
865 3359 1026 3446 quaedam
1047 3363 1139 3442 (ἕκα-

95 3505 173 3550 στον
190 3488 226 3550 ἔν
241 3489 309 3550 ἐστι
335 3479 417 3546 158.
432 3478 510 3568 Α.),
543 3485 645 3568 igitur
664 3484 839 3568 participes
865 3501 963 3544 verae
995 3483 1137 3558 unitatis,

97 3607 157 3665 etsi
179 3625 248 3667 non
272 3607 384 3691 ipsum
411 3625 517 3667 unum
531 3595 627 3686 (αὐτὰ
647 3605 707 3686 tn).
764 3599 992 3681 Quamobrem
1016 3619 1078 3685 per
1103 3619 1137 3664 ee

98 3721 232 3808 qaiidem
252 3721 317 3787 hoo
341 3744 456 3788 rerum
478 3745 600 3810 genus,
627 3743 732 3810 quum
752 3721 793 3787 ab
811 3745 881 3787 uno
904 3721 1070 3785 diversum
1087 3725 1137 3800 sit,

99 3918 307 3936 m

165 4016 212 4085 67)
231 4017 478 4074 TmonnanaGeist
490 4021 517 4072 d.
537 4042 576 4090 ep.
594 4019 669 4096 tint,
687 4019 808 4092 49-61.
828 4019 998 4069 Tnaannaan
1014 4019 1109 4070 Gesch.
1118 4019 1138 4078 1,

94 4115 128 4170 65
136 4149 166 4157 -
177 4115 218 4186 73.
