2854 5148
270 363 353 438 et
704 401 897 456 ¹-

302 577 368 644 que
390 559 417 618 si
437 549 611 618 Aristoteli
632 553 668 616 iu
683 549 749 618 hoc
770 573 894 640 genere
918 551 1001 618 fides
1020 557 1064 618 sit
1083 551 1250 636 habenda,
1289 570 1350 622 aut

300 677 364 742 alia
379 672 510 739 locutus
527 682 578 736 est
594 670 706 752 Plato,
727 677 859 760 scripsit
874 672 953 753 alin,
974 684 1032 738 aut
1046 671 1237 740 referuntur
1253 675 1350 742 Acu-

301 797 509 861 demicorum
529 789 757 855 subtilissimae
780 792 822 857 de
852 791 909 874 his,
926 793 1026 858 rebus
1049 802 1348 880 oommentationes

301 917 342 982 ad
355 920 447 980 initia
460 915 686 1000 praeceptoris
698 911 815 978 leviter
828 924 958 978 tantum
974 914 1177 984 adumbrata.
1201 916 1238 980 Id
1254 919 1349 1005 quod

301 1059 373 1102 non
387 1038 556 1098 immerito
571 1055 591 1096 a
606 1055 662 1096 me
678 1032 744 1096 dici
756 1038 935 1120 putaverit,
961 1040 1148 1124 quicunque
1155 1032 1348 1102 Aristotelis

302 1161 341 1222 in
358 1153 555 1242 disputando
570 1162 603 1216 et
616 1150 792 1218 refutando
807 1159 971 1220 rationem
991 1167 1197 1242 perspectam
1217 1155 1347 1224 habeat

301 1277 453 1344 Omnino
472 1284 584 1338 antem
604 1271 687 1336 hoec
700 1295 755 1336 res
776 1284 810 1337 et
829 1273 1017 1340 difficillima
1037 1286 1086 1338 est
1106 1286 1140 1340 et
1157 1287 1251 1342 tanto
1273 1283 1342 1342 im-

273 1385 277 1392 ’
302 1397 465 1487 puditior,
488 1403 611 1480 quanto
633 1398 829 1458 remotiores
850 1393 891 1458 ab
915 1405 1019 1460 aetate
1039 1395 1187 1460 Plutonis
1210 1409 1288 1462 sunt
1310 1404 1344 1477 ii,

301 1521 360 1607 qui
374 1520 444 1580 eius
458 1523 610 1578 auctores
626 1519 833 1580 exstiterunt
882 1513 976 1594 Quae
992 1538 1096 1602 quum
1116 1521 1161 1580 ita
1177 1521 1259 1597 sint,
1281 1541 1346 1584 ex-

301 1635 469 1727 spectandi
489 1645 567 1700 suut
587 1656 628 1698 eo
652 1632 803 1720 cupidius
823 1639 1052 1698 commentarii
1066 1639 1102 1700 in
1116 1636 1344 1726 metaphysica

300 1754 506 1834 Aristotelis,
532 1757 589 1844 qni
614 1751 822 1818 uBrondisio
846 1752 1045 1820 conduntur.
1094 1755 1161 1822 Hic
1184 1763 1293 1840 cuim,
1315 1766 1344 1824 si

203 1883 210 1894 '
299 1881 374 1968 quis
396 1875 495 1955 nlius,
514 1871 624 1938 lucem
638 1870 718 1937 huic
737 1877 788 1938 rei
806 1871 1066 1960 efferre‘potest.

749 2072 776 2163 u.
826 2074 886 2140 27.

398 2229 478 2294 Hoc
506 2250 613 2292 unum
639 2225 769 2292 addam.
835 2226 930 2292 ldeoe
958 2237 1037 2290 sumt
1065 2213 1340 2316 generarem,
1371 2303 1378 2313 p

289 2373 384 2443 uquae
404 2367 535 2434 semper
550 2351 587 2410 iu
607 2351 718 2411 animo
737 2345 791 2412 vel
812 2345 923 2411 divino
938 2345 992 2412 vel
1004 2344 1152 2413 humano
1174 2363 1248 2415 ante
1262 2352 1342 2418 fue-

298 2481 394 2550 runt,
434 2489 534 2558 qnam
570 2465 612 2530 ud
627 2470 814 2532 ,materiam
844 2464 1054 2532 formandam
1090 2467 1340 2540 adhibebantur.

297 2591 458 2658 Materiae
487 2590 595 2652 omnis
626 2569 803 2672 propterea
832 2597 910 2650 sunt
935 2597 1107 2674 expertes,
1128 2601 1218 2655 tum
1247 2595 1339 2680 quod

170 2703 184 2714 ’
298 2709 473 2776 simulacra
495 2712 669 2772 notionum
693 2705 913 2794 perhibentur
935 2712 1139 2774 concretioni
1161 2718 1338 2794 contraria,

296 2843 371 2896 tum
396 2826 487 2916 quod
501 2831 640 2892 muteris
660 2824 847 2912 formarum
870 2824 963 2890 rudis
984 2805 1022 2890 ac
1037 2825 1134 2912 plane
1151 2831 1338 2898 inordinata

293 2949 338 3016 ub
360 2947 511 3014 idearum
534 2944 855 3034 simplicitateuabest
875 2945 1074 3032 longissime.
1124 2949 1253 3029 Quodsi
1273 2958 1338 3040 igi.

274 3061 284 3164 ἰ
295 3080 353 3134 tur
376 3067 483 3155 eliqua
505 3071 541 3132 in
565 3065 617 3132 his
638 3071 805 3154 reperitur
827 3064 1011 3130 differentia
1033 3078 1066 3130 et
1087 3073 1240 3151 varietus,
1264 3095 1337 3138 non

296 3187 394 3253 debet
414 3185 512 3255 huius
530 3192 582 3253 rei
602 3209 698 3251 causa
712 3191 749 3250 in
771 3190 909 3250 materia
926 3184 976 3254 vel
1000 3207 1181 3274 corporum
1199 3191 1252 3256 vel
1272 3193 1334 3256 alia

295 3287 437 3397 quadam
473 3306 641 3398 subtiliore
674 3309 803 3394 quaeri,
844 3304 902 3370 sed
930 3309 1060 3393 inipso
1088 3311 1157 3372 eius
1187 3316 1335 3376 numinis

293 3439 428 3505 natura,
468 3449 488 3490 a
516 3449 583 3516 quo
610 3429 721 3492 omnia
748 3429 910 3514 originem
943 3448 1036 3490 suum
1065 3424 1196 3498 hubent.
1257 3431 1335 3496 Ne-

294 3568 359 3636 que
383 3548 454 3612 veri
479 3556 528 3610 est
549 3545 672 3626 simile,
707 3543 811 3628 hunc,
840 3551 890 3610 uti
915 3544 957 3612 ab
978 3523 1158 3612 Aristotele
1183 3547 1258 3614 fieri
1282 3556 1337 3617 vi-

295 3663 431 3745 demus,
457 3687 478 3729 u
492 3662 629 3731 Platone
647 3670 801 3752 agitatum
815 3687 884 3730 esse
900 3669 1134 3753 quaestionem,
1146 3673 1217 3733 'nisi
1233 3667 1333 3751 forte,

294 3808 377 3874 quae
397 3785 472 3850 fieri
486 3807 547 3849 neo
561 3761 700 3872 possunt
717 3807 778 3849 nec
793 3784 927 3865 debent,
950 3796 1090 3850 tentasse
1109 3810 1185 3852 eum
1200 3813 1239 3854 ac
1258 3765 1333 3856 sus·

292 3911 415 3993 cepisse
432 3905 595 3972 volumus.
645 3901 803 3984 Accedit,
829 3905 918 3992 quod
939 3912 1076 3971 materia
1100 3909 1249 3974 idem-um
1263 3931 1333 3996 pu-

291 4029 381 4114 siu„
395 4035 428 4089 et
439 4023 521 4105 hoc,
550 4045 619 4090 esse
641 4023 729 4090 ideas
747 4036 879 4112 praeter
896 4037 1043 4096 mentem
1059 4027 1180 4116 aliquid
1203 4041 1236 4094 et
1249 4029 1334 4095 sub-
