<?xml version="1.0" encoding="UTF-8"?>
<!DOCTYPE html PUBLIC "-//W3C//DTD XHTML 1.0 Transitional//EN"
    "http://www.w3.org/TR/xhtml1/DTD/xhtml1-transitional.dtd">
<html xmlns="http://www.w3.org/1999/xhtml" xml:lang="en" lang="en">
 <head>
  <title>
</title>
<meta http-equiv="Content-Type" content="text/html;charset=utf-8" />
  <meta name='ocr-system' content='tesseract 3.04.00' />
  <meta name='ocr-capabilities' content='ocr_page ocr_carea ocr_par ocr_line ocrx_word'/>
</head>
<body>
  <div class='ocr_page' id='page_1' title='image "./deideisplatonis01richgoog_0013.png"; bbox 0 0 2854 5148; ppageno 0'>
   <div class='ocr_carea' id='block_1_1' title="bbox 293 517 1334 3236">
    <p class='ocr_par' dir='ltr' id='par_1_1' title="bbox 293 517 1330 838">
     <span class='ocr_line' id='line_1_1' title="bbox 293 517 1330 609; baseline 0 -25"><span class='ocrx_word' id='word_1_1' title='bbox 293 519 499 609; x_wconf 76' lang='lat' dir='ltr'><strong>philosophia</strong></span> <span class='ocrx_word' id='word_1_2' title='bbox 519 517 664 584; x_wconf 75' lang='lat' dir='ltr'>Platonis</span> <span class='ocrx_word' id='word_1_3' title='bbox 683 517 873 584; x_wconf 83' lang='lat' dir='ltr'><strong>illustranda</strong></span> <span class='ocrx_word' id='word_1_4' title='bbox 899 517 1125 600; x_wconf 80' lang='lat' dir='ltr'><strong>elaboravere3</strong></span> <span class='ocrx_word' id='word_1_5' title='bbox 1150 541 1233 607; x_wconf 88' lang='lat' dir='ltr'><strong>quos</strong></span> <span class='ocrx_word' id='word_1_6' title='bbox 1255 525 1330 608; x_wconf 90' lang='lat' dir='ltr'><strong>qui-</strong></span> 
     </span>
     <span class='ocr_line' id='line_1_2' title="bbox 295 639 1330 726; baseline 0.001 -21"><span class='ocrx_word' id='word_1_7' title='bbox 295 643 371 706; x_wconf 87' lang='lat' dir='ltr'><strong>dem</strong></span> <span class='ocrx_word' id='word_1_8' title='bbox 387 639 530 726; x_wconf 84' lang='lat' dir='ltr'><strong>singulos</strong></span> <span class='ocrx_word' id='word_1_9' title='bbox 544 639 598 704; x_wconf 90' lang='lat' dir='ltr'><strong>hic</strong></span> <span class='ocrx_word' id='word_1_10' title='bbox 614 644 805 720; x_wconf 83' lang='lat' dir='ltr'><strong>nominare,</strong></span> <span class='ocrx_word' id='word_1_11' title='bbox 830 661 934 726; x_wconf 88' lang='lat' dir='ltr'><strong>quum</strong></span> <span class='ocrx_word' id='word_1_12' title='bbox 952 643 1017 702; x_wconf 90' lang='lat' dir='ltr'><strong>sint</strong></span> <span class='ocrx_word' id='word_1_13' title='bbox 1031 642 1117 704; x_wconf 83' lang='lat' dir='ltr'><strong>inter</strong></span> <span class='ocrx_word' id='word_1_14' title='bbox 1134 659 1250 704; x_wconf 84' lang='lat' dir='ltr'><strong>omnes</strong></span> <span class='ocrx_word' id='word_1_15' title='bbox 1266 663 1330 706; x_wconf 90' lang='lat' dir='ltr'><strong>no-</strong></span> 
     </span>
     <span class='ocr_line' id='line_1_3' title="bbox 295 758 675 838; baseline 0 -13"><span class='ocrx_word' id='word_1_16' title='bbox 295 764 428 838; x_wconf 83' lang='lat' dir='ltr'><strong>tissimi,</strong></span> <span class='ocrx_word' id='word_1_17' title='bbox 448 758 531 824; x_wconf 91' lang='lat' dir='ltr'><strong>nibil</strong></span> <span class='ocrx_word' id='word_1_18' title='bbox 552 764 675 827; x_wconf 77' lang='lat' dir='ltr'><strong>attinet.</strong></span> 
     </span>
    </p>

    <p class='ocr_par' dir='ltr' id='par_1_2' title="bbox 293 875 1334 3236">
     <span class='ocr_line' id='line_1_4' title="bbox 392 875 1329 965; baseline -0.001 -22"><span class='ocrx_word' id='word_1_19' title='bbox 392 878 528 944; x_wconf 80' lang='lat' dir='ltr'><strong>Horum</strong></span> <span class='ocrx_word' id='word_1_20' title='bbox 543 889 654 944; x_wconf 86' lang='lat' dir='ltr'><strong>autem</strong></span> <span class='ocrx_word' id='word_1_21' title='bbox 671 881 822 943; x_wconf 83' lang='lat' dir='ltr'><strong>virorum</strong></span> <span class='ocrx_word' id='word_1_22' title='bbox 837 875 959 954; x_wconf 81' lang='lat' dir='ltr'><strong>studiis,</strong></span> <span class='ocrx_word' id='word_1_23' title='bbox 982 898 1170 965; x_wconf 76' lang='lat' dir='ltr'>quanquam</span> <span class='ocrx_word' id='word_1_24' title='bbox 1186 878 1329 945; x_wconf 87' lang='lat' dir='ltr'><strong>multum</strong></span> 
     </span>
     <span class='ocr_line' id='line_1_5' title="bbox 297 996 1330 1084; baseline 0 -20"><span class='ocrx_word' id='word_1_25' title='bbox 297 1000 337 1064; x_wconf 88' lang='lat' dir='ltr'><strong>ad</strong></span> <span class='ocrx_word' id='word_1_26' title='bbox 353 999 524 1063; x_wconf 88' lang='lat' dir='ltr'><strong>Platonem</strong></span> <span class='ocrx_word' id='word_1_27' title='bbox 539 1002 660 1062; x_wconf 82' lang='lat' dir='ltr'><strong>rectius</strong></span> <span class='ocrx_word' id='word_1_28' title='bbox 677 996 924 1084; x_wconf 84' lang='lat' dir='ltr'><strong>intelligendum</strong></span> <span class='ocrx_word' id='word_1_29' title='bbox 940 1007 990 1060; x_wconf 87' lang='lat' dir='ltr'><strong>est</strong></span> <span class='ocrx_word' id='word_1_30' title='bbox 1003 996 1203 1084; x_wconf 82' lang='lat' dir='ltr'><strong>profectum,</strong></span> <span class='ocrx_word' id='word_1_31' title='bbox 1227 999 1330 1064; x_wconf 88' lang='lat' dir='ltr'><strong>multa</strong></span> 
     </span>
     <span class='ocr_line' id='line_1_6' title="bbox 294 1117 1331 1221; baseline -0.002 -38"><span class='ocrx_word' id='word_1_32' title='bbox 294 1131 408 1185; x_wconf 88' lang='lat' dir='ltr'><strong>tamen</strong></span> <span class='ocrx_word' id='word_1_33' title='bbox 426 1123 613 1193; x_wconf 70' lang='lat' dir='ltr'><strong>etiamnunc</strong></span> <span class='ocrx_word' id='word_1_34' title='bbox 628 1139 735 1203; x_wconf 89' lang='lat' dir='ltr'><strong>neque</strong></span> <span class='ocrx_word' id='word_1_35' title='bbox 758 1126 907 1221; x_wconf 72' lang='lat' dir='ltr'><strong>accusate</strong></span> <span class='ocrx_word' id='word_1_36' title='bbox 927 1117 1106 1204; x_wconf 80' lang='lat' dir='ltr'><strong>explicata,</strong></span> <span class='ocrx_word' id='word_1_37' title='bbox 1129 1139 1237 1204; x_wconf 86' lang='lat' dir='ltr'><strong>neque</strong></span> <span class='ocrx_word' id='word_1_38' title='bbox 1251 1139 1331 1203; x_wconf 85' lang='lat' dir='ltr'><strong>per-</strong></span> 
     </span>
     <span class='ocr_line' id='line_1_7' title="bbox 297 1217 1332 1326; baseline 0.001 -27"><span class='ocrx_word' id='word_1_39' title='bbox 297 1241 408 1324; x_wconf 82' lang='lat' dir='ltr'><strong>spicue</strong></span> <span class='ocrx_word' id='word_1_40' title='bbox 432 1241 605 1326; x_wconf 85' lang='lat' dir='ltr'><strong>proposita</strong></span> <span class='ocrx_word' id='word_1_41' title='bbox 624 1217 807 1322; x_wconf 77' lang='lat' dir='ltr'><strong>supeasunt.</strong></span> <span class='ocrx_word' id='word_1_42' title='bbox 857 1233 946 1304; x_wconf 78' lang='lat' dir='ltr'><strong>lma</strong></span> <span class='ocrx_word' id='word_1_43' title='bbox 973 1256 1073 1322; x_wconf 72' lang='lat' dir='ltr'><strong>piae,</strong></span> <span class='ocrx_word' id='word_1_44' title='bbox 1097 1239 1212 1304; x_wconf 84' lang='lat' dir='ltr'><strong>utalia</strong></span> <span class='ocrx_word' id='word_1_45' title='bbox 1231 1242 1332 1302; x_wconf 88' lang='lat' dir='ltr'><strong>omit-</strong></span> 
     </span>
     <span class='ocr_line' id='line_1_8' title="bbox 297 1352 1330 1450; baseline 0.002 -32"><span class='ocrx_word' id='word_1_46' title='bbox 297 1370 392 1450; x_wconf 79' lang='lat' dir='ltr'><strong>tam,</strong></span> <span class='ocrx_word' id='word_1_47' title='bbox 421 1352 595 1440; x_wconf 74' lang='lat' dir='ltr'><strong>aefeaenda</strong></span> <span class='ocrx_word' id='word_1_48' title='bbox 627 1367 675 1423; x_wconf 90' lang='lat' dir='ltr'><strong>est</strong></span> <span class='ocrx_word' id='word_1_49' title='bbox 707 1357 859 1442; x_wconf 83' lang='lat' dir='ltr'><strong>inprimis</strong></span> <span class='ocrx_word' id='word_1_50' title='bbox 895 1354 1044 1425; x_wconf 79' lang='lat' dir='ltr'><strong>doctaiaa</strong></span> <span class='ocrx_word' id='word_1_51' title='bbox 1074 1355 1128 1422; x_wconf 87' lang='lat' dir='ltr'><strong>illa</strong></span> <span class='ocrx_word' id='word_1_52' title='bbox 1161 1354 1219 1424; x_wconf 79' lang='lat' dir='ltr'><strong>de</strong></span> <span class='ocrx_word' id='word_1_53' title='bbox 1228 1357 1330 1422; x_wconf 82' lang='lat' dir='ltr'><strong>ideis.</strong></span> 
     </span>
     <span class='ocr_line' id='line_1_9' title="bbox 298 1471 1332 1568; baseline 0.002 -30"><span class='ocrx_word' id='word_1_54' title='bbox 298 1475 530 1568; x_wconf 75' lang='lat' dir='ltr'><strong>Quamquam</strong></span> <span class='ocrx_word' id='word_1_55' title='bbox 545 1498 563 1539; x_wconf 93' lang='lat' dir='ltr'><strong>a</strong></span> <span class='ocrx_word' id='word_1_56' title='bbox 578 1475 818 1540; x_wconf 87' lang='lat' dir='ltr'><strong>Tennemanno</strong></span> <span class='ocrx_word' id='word_1_57' title='bbox 834 1484 868 1540; x_wconf 87' lang='lat' dir='ltr'><strong>et</strong></span> <span class='ocrx_word' id='word_1_58' title='bbox 880 1473 947 1539; x_wconf 88' lang='lat' dir='ltr'><strong>aliis</strong></span> <span class='ocrx_word' id='word_1_59' title='bbox 960 1471 1139 1561; x_wconf 80' lang='lat' dir='ltr'><strong>perfectam</strong></span> <span class='ocrx_word' id='word_1_60' title='bbox 1153 1495 1332 1564; x_wconf 79' lang='lat' dir='ltr'><strong>paenam-</strong></span> 
     </span>
     <span class='ocr_line' id='line_1_10' title="bbox 293 1591 1331 1682; baseline 0.002 -23"><span class='ocrx_word' id='word_1_61' title='bbox 293 1595 512 1680; x_wconf 57' lang='lat' dir='ltr'><strong>misceamur,</strong></span> <span class='ocrx_word' id='word_1_62' title='bbox 539 1599 735 1660; x_wconf 83' lang='lat' dir='ltr'><strong>exstiterunt</strong></span> <span class='ocrx_word' id='word_1_63' title='bbox 755 1613 862 1676; x_wconf 85' lang='lat' dir='ltr'><strong>nuper</strong></span> <span class='ocrx_word' id='word_1_64' title='bbox 883 1591 1064 1672; x_wconf 74' lang='lat' dir='ltr'><strong>viriduni,</strong></span> <span class='ocrx_word' id='word_1_65' title='bbox 1091 1599 1149 1682; x_wconf 89' lang='lat' dir='ltr'><strong>qui</strong></span> <span class='ocrx_word' id='word_1_66' title='bbox 1169 1617 1331 1660; x_wconf 80' lang='lat' dir='ltr'><strong>numem-</strong></span> 
     </span>
     <span class='ocr_line' id='line_1_11' title="bbox 296 1687 1331 1804; baseline 0.001 -25"><span class='ocrx_word' id='word_1_67' title='bbox 296 1687 381 1804; x_wconf 18' lang='lat' dir='ltr'><strong>rum!</strong></span> <span class='ocrx_word' id='word_1_68' title='bbox 394 1690 709 1796; x_wconf 80' lang='lat' dir='ltr'><strong>commemoratione</strong></span> <span class='ocrx_word' id='word_1_69' title='bbox 732 1734 852 1776; x_wconf 88' lang='lat' dir='ltr'><strong>novam</strong></span> <span class='ocrx_word' id='word_1_70' title='bbox 874 1710 914 1777; x_wconf 91' lang='lat' dir='ltr'><strong>de</strong></span> <span class='ocrx_word' id='word_1_71' title='bbox 939 1733 976 1775; x_wconf 90' lang='lat' dir='ltr'><strong>ea</strong></span> <span class='ocrx_word' id='word_1_72' title='bbox 995 1712 1232 1782; x_wconf 71' lang='lat' dir='ltr'><strong>dubitationem</strong></span> <span class='ocrx_word' id='word_1_73' title='bbox 1248 1720 1331 1780; x_wconf 90' lang='lat' dir='ltr'><strong>inie-</strong></span> 
     </span>
     <span class='ocr_line' id='line_1_12' title="bbox 298 1829 1331 1920; baseline 0.002 -22"><span class='ocrx_word' id='word_1_74' title='bbox 298 1835 456 1920; x_wconf 64' lang='lat' dir='ltr'><strong>cerunt2).</strong></span> <span class='ocrx_word' id='word_1_75' title='bbox 495 1832 618 1912; x_wconf 73' lang='lat' dir='ltr'><strong>¹Quam</strong></span> <span class='ocrx_word' id='word_1_76' title='bbox 634 1829 877 1917; x_wconf 74' lang='lat' dir='ltr'><strong>ambiguitatem</strong></span> <span class='ocrx_word' id='word_1_77' title='bbox 895 1841 933 1897; x_wconf 87' lang='lat' dir='ltr'><strong>ut</strong></span> <span class='ocrx_word' id='word_1_78' title='bbox 946 1843 1096 1900; x_wconf 86' lang='lat' dir='ltr'><strong>accurata</strong></span> <span class='ocrx_word' id='word_1_79' title='bbox 1110 1833 1149 1900; x_wconf 92' lang='lat' dir='ltr'><strong>de</strong></span> <span class='ocrx_word' id='word_1_80' title='bbox 1165 1833 1246 1902; x_wconf 83' lang='lat' dir='ltr'><strong>ideis</strong></span> <span class='ocrx_word' id='word_1_81' title='bbox 1263 1835 1331 1902; x_wconf 87' lang='lat' dir='ltr'><strong>dis-</strong></span> 
     </span>
     <span class='ocr_line' id='line_1_13' title="bbox 296 1951 1331 2041; baseline 0.002 -25"><span class='ocrx_word' id='word_1_82' title='bbox 296 1958 464 2041; x_wconf 74' lang='lat' dir='ltr'><strong>putatione</strong></span> <span class='ocrx_word' id='word_1_83' title='bbox 486 1951 601 2036; x_wconf 78' lang='lat' dir='ltr'><strong>tollam</strong></span> <span class='ocrx_word' id='word_1_84' title='bbox 624 1973 777 2032; x_wconf 87' lang='lat' dir='ltr'><strong>omnem,</strong></span> <span class='ocrx_word' id='word_1_85' title='bbox 810 1970 994 2038; x_wconf 85' lang='lat' dir='ltr'><strong>opemeque</strong></span> <span class='ocrx_word' id='word_1_86' title='bbox 1016 1959 1161 2040; x_wconf 86' lang='lat' dir='ltr'><strong>pretium</strong></span> <span class='ocrx_word' id='word_1_87' title='bbox 1185 1952 1331 2024; x_wconf 85' lang='lat' dir='ltr'><strong>facturus</strong></span> 
     </span>
     <span class='ocr_line' id='line_1_14' title="bbox 293 2051 1331 2160; baseline -0.002 -21.99"><span class='ocrx_word' id='word_1_88' title='bbox 293 2079 360 2158; x_wconf 70' lang='lat' dir='ltr'><strong>sina</strong></span> <span class='ocrx_word' id='word_1_89' title='bbox 376 2078 411 2156; x_wconf 85' lang='lat' dir='ltr'><strong>in</strong></span> <span class='ocrx_word' id='word_1_90' title='bbox 426 2051 632 2160; x_wconf 82' lang='lat' dir='ltr'><strong>explananda</strong></span> <span class='ocrx_word' id='word_1_91' title='bbox 653 2069 713 2135; x_wconf 89' lang='lat' dir='ltr'><strong>hac</strong></span> <span class='ocrx_word' id='word_1_92' title='bbox 731 2069 916 2147; x_wconf 76' lang='lat' dir='ltr'><strong>Platonicae</strong></span> <span class='ocrx_word' id='word_1_93' title='bbox 939 2070 1124 2157; x_wconf 83' lang='lat' dir='ltr'><strong>disciplinae</strong></span> <span class='ocrx_word' id='word_1_94' title='bbox 1147 2095 1276 2146; x_wconf 83' lang='lat' dir='ltr'><strong>summa</strong></span> <span class='ocrx_word' id='word_1_95' title='bbox 1297 2084 1331 2138; x_wconf 89' lang='lat' dir='ltr'><strong>et</strong></span> 
     </span>
     <span class='ocr_line' id='line_1_15' title="bbox 297 2189 1331 2283; baseline -0.001 -26"><span class='ocrx_word' id='word_1_96' title='bbox 297 2197 388 2283; x_wconf 70' lang='lat' dir='ltr'><strong>(lilasi</strong></span> <span class='ocrx_word' id='word_1_97' title='bbox 412 2192 506 2268; x_wconf 83' lang='lat' dir='ltr'><strong>sede,</strong></span> <span class='ocrx_word' id='word_1_98' title='bbox 540 2190 629 2268; x_wconf 82' lang='lat' dir='ltr'><strong>fore,</strong></span> <span class='ocrx_word' id='word_1_99' title='bbox 657 2211 700 2257; x_wconf 86' lang='lat' dir='ltr'><strong>ne</strong></span> <span class='ocrx_word' id='word_1_100' title='bbox 726 2210 803 2276; x_wconf 81' lang='lat' dir='ltr'><strong>ego</strong></span> <span class='ocrx_word' id='word_1_101' title='bbox 820 2189 953 2274; x_wconf 71' lang='lat' dir='ltr'><strong>apsidem</strong></span> <span class='ocrx_word' id='word_1_102' title='bbox 985 2190 1164 2268; x_wconf 82' lang='lat' dir='ltr'><strong>admodum</strong></span> <span class='ocrx_word' id='word_1_103' title='bbox 1188 2191 1331 2262; x_wconf 80' lang='lat' dir='ltr'><strong>confido</strong></span> 
     </span>
     <span class='ocr_line' id='line_1_16' title="bbox 296 2306 1330 2403; baseline -0.004 -25"><span class='ocrx_word' id='word_1_104' title='bbox 296 2311 415 2403; x_wconf 87' lang='lat' dir='ltr'><strong>Neque</strong></span> <span class='ocrx_word' id='word_1_105' title='bbox 434 2322 546 2378; x_wconf 85' lang='lat' dir='ltr'><strong>tamen</strong></span> <span class='ocrx_word' id='word_1_106' title='bbox 567 2321 626 2380; x_wconf 90' lang='lat' dir='ltr'><strong>aut</strong></span> <span class='ocrx_word' id='word_1_107' title='bbox 646 2312 695 2372; x_wconf 76' lang='lat' dir='ltr'><strong>aei</strong></span> <span class='ocrx_word' id='word_1_108' title='bbox 718 2306 895 2374; x_wconf 83' lang='lat' dir='ltr'><strong>obscuritas</strong></span> <span class='ocrx_word' id='word_1_109' title='bbox 917 2319 948 2372; x_wconf 90' lang='lat' dir='ltr'><strong>et</strong></span> <span class='ocrx_word' id='word_1_110' title='bbox 968 2314 1110 2394; x_wconf 79' lang='lat' dir='ltr'><strong>gravitas</strong></span> <span class='ocrx_word' id='word_1_111' title='bbox 1130 2315 1215 2376; x_wconf 91' lang='lat' dir='ltr'><strong>aut</strong></span> <span class='ocrx_word' id='word_1_112' title='bbox 1206 2315 1330 2396; x_wconf 79' lang='lat' dir='ltr'><strong>ingenii</strong></span> 
     </span>
     <span class='ocr_line' id='line_1_17' title="bbox 296 2425 1331 2520; baseline -0.003 -25"><span class='ocrx_word' id='word_1_113' title='bbox 296 2435 362 2517; x_wconf 83' lang='lat' dir='ltr'><strong>mei</strong></span> <span class='ocrx_word' id='word_1_114' title='bbox 386 2435 526 2518; x_wconf 81' lang='lat' dir='ltr'><strong>tenuitas</strong></span> <span class='ocrx_word' id='word_1_115' title='bbox 547 2442 585 2518; x_wconf 77' lang='lat' dir='ltr'><strong>et.</strong></span> <span class='ocrx_word' id='word_1_116' title='bbox 600 2425 800 2492; x_wconf 87' lang='lat' dir='ltr'><strong>imbecillitas</strong></span> <span class='ocrx_word' id='word_1_117' title='bbox 822 2449 877 2490; x_wconf 89' lang='lat' dir='ltr'><strong>me</strong></span> <span class='ocrx_word' id='word_1_118' title='bbox 896 2431 1120 2508; x_wconf 85' lang='lat' dir='ltr'><strong>retinuerunt,</strong></span> <span class='ocrx_word' id='word_1_119' title='bbox 1143 2435 1331 2520; x_wconf 84' lang='lat' dir='ltr'><strong>quominus,</strong></span> 
     </span>
     <span class='ocr_line' id='line_1_18' title="bbox 297 2519 1330 2644; baseline 0 -30"><span class='ocrx_word' id='word_1_120' title='bbox 297 2531 388 2644; x_wconf 69' lang='lat' dir='ltr'><strong>qaiod</strong></span> <span class='ocrx_word' id='word_1_121' title='bbox 401 2549 454 2614; x_wconf 90' lang='lat' dir='ltr'><strong>alii</strong></span> <span class='ocrx_word' id='word_1_122' title='bbox 468 2547 699 2636; x_wconf 85' lang='lat' dir='ltr'><strong>imperfectum</strong></span> <span class='ocrx_word' id='word_1_123' title='bbox 713 2547 937 2636; x_wconf 86' lang='lat' dir='ltr'><strong>reliquissent,</strong></span> <span class='ocrx_word' id='word_1_124' title='bbox 957 2519 1071 2613; x_wconf 81' lang='lat' dir='ltr'><strong>rursus</strong></span> <span class='ocrx_word' id='word_1_125' title='bbox 1093 2543 1281 2630; x_wconf 23' lang='lat' dir='ltr'><strong>afficerem&amp;</strong></span> <span class='ocrx_word' id='word_1_126' title='bbox 1302 2553 1330 2617; x_wconf 85' lang='lat' dir='ltr'><strong>si</strong></span> 
     </span>
     <span class='ocr_line' id='line_1_19' title="bbox 296 2665 1331 2762; baseline 0.003 -30"><span class='ocrx_word' id='word_1_127' title='bbox 296 2669 457 2762; x_wconf 81' lang='lat' dir='ltr'><strong>perficere</strong></span> <span class='ocrx_word' id='word_1_128' title='bbox 478 2680 535 2734; x_wconf 87' lang='lat' dir='ltr'><strong>aut</strong></span> <span class='ocrx_word' id='word_1_129' title='bbox 556 2666 707 2732; x_wconf 84' lang='lat' dir='ltr'><strong>conferre</strong></span> <span class='ocrx_word' id='word_1_130' title='bbox 727 2665 841 2746; x_wconf 82' lang='lat' dir='ltr'><strong>saltem</strong></span> <span class='ocrx_word' id='word_1_131' title='bbox 864 2665 985 2752; x_wconf 87' lang='lat' dir='ltr'><strong>aliquid</strong></span> <span class='ocrx_word' id='word_1_132' title='bbox 1006 2665 1049 2728; x_wconf 91' lang='lat' dir='ltr'><strong>ad</strong></span> <span class='ocrx_word' id='word_1_133' title='bbox 1072 2671 1331 2735; x_wconf 70' lang='lat' dir='ltr'><strong>comanensium</strong></span> 
     </span>
     <span class='ocr_line' id='line_1_20' title="bbox 300 2782 1332 2877; baseline -0.002 -25"><span class='ocrx_word' id='word_1_134' title='bbox 300 2789 383 2852; x_wconf 88' lang='lat' dir='ltr'><strong>banc</strong></span> <span class='ocrx_word' id='word_1_135' title='bbox 419 2787 683 2876; x_wconf 88' lang='lat' dir='ltr'><strong>componendam</strong></span> <span class='ocrx_word' id='word_1_136' title='bbox 714 2807 872 2876; x_wconf 79' lang='lat' dir='ltr'><strong>possem,</strong></span> <span class='ocrx_word' id='word_1_137' title='bbox 909 2794 1132 2877; x_wconf 59' lang='lat' dir='ltr'><strong>tentaturusa,</strong></span> <span class='ocrx_word' id='word_1_138' title='bbox 1164 2782 1219 2854; x_wconf 83' lang='lat' dir='ltr'><strong>Ae</strong></span> <span class='ocrx_word' id='word_1_139' title='bbox 1247 2785 1332 2855; x_wconf 88' lang='lat' dir='ltr'><strong>nihil</strong></span> 
     </span>
     <span class='ocr_line' id='line_1_21' title="bbox 297 2878 1334 3000; baseline 0 -26"><span class='ocrx_word' id='word_1_140' title='bbox 297 2908 431 3000; x_wconf 79' lang='lat' dir='ltr'><strong>quidem</strong></span> <span class='ocrx_word' id='word_1_141' title='bbox 453 2912 557 2994; x_wconf 85' lang='lat' dir='ltr'><strong>magis</strong></span> <span class='ocrx_word' id='word_1_142' title='bbox 580 2918 676 2997; x_wconf 82' lang='lat' dir='ltr'><strong>opto,</strong></span> <span class='ocrx_word' id='word_1_143' title='bbox 704 2878 802 2994; x_wconf 81' lang='lat' dir='ltr'><strong>quam</strong></span> <span class='ocrx_word' id='word_1_144' title='bbox 823 2915 861 2971; x_wconf 88' lang='lat' dir='ltr'><strong>ut</strong></span> <span class='ocrx_word' id='word_1_145' title='bbox 882 2909 960 2975; x_wconf 77' lang='lat' dir='ltr'><strong>viris</strong></span> <span class='ocrx_word' id='word_1_146' title='bbox 975 2903 1159 2982; x_wconf 80' lang='lat' dir='ltr'><strong>Platonicae</strong></span> <span class='ocrx_word' id='word_1_147' title='bbox 1180 2905 1334 2994; x_wconf 53' lang='lat' dir='ltr'><strong>philosoz</strong></span> 
     </span>
     <span class='ocr_line' id='line_1_22' title="bbox 296 3021 1331 3116; baseline 0.001 -27"><span class='ocrx_word' id='word_1_148' title='bbox 296 3027 396 3116; x_wconf 73' lang='lat' dir='ltr'><strong>plaiae</strong></span> <span class='ocrx_word' id='word_1_149' title='bbox 419 3025 672 3112; x_wconf 81' lang='lat' dir='ltr'><strong>intelligentibus</strong></span> <span class='ocrx_word' id='word_1_150' title='bbox 692 3031 721 3096; x_wconf 88' lang='lat' dir='ltr'><strong>si</strong></span> <span class='ocrx_word' id='word_1_151' title='bbox 746 3046 816 3088; x_wconf 90' lang='lat' dir='ltr'><strong>non</strong></span> <span class='ocrx_word' id='word_1_152' title='bbox 842 3021 1054 3104; x_wconf 87' lang='lat' dir='ltr'><strong>satisfaciam,</strong></span> <span class='ocrx_word' id='word_1_153' title='bbox 1073 3035 1121 3098; x_wconf 77' lang='lat' dir='ltr'><strong>¹at</strong></span> <span class='ocrx_word' id='word_1_154' title='bbox 1145 3025 1223 3097; x_wconf 91' lang='lat' dir='ltr'><strong>utile</strong></span> <span class='ocrx_word' id='word_1_155' title='bbox 1245 3046 1331 3114; x_wconf 87' lang='lat' dir='ltr'><strong>opus</strong></span> 
     </span>
     <span class='ocr_line' id='line_1_23' title="bbox 295 3146 665 3236; baseline 0.014 -28"><span class='ocrx_word' id='word_1_156' title='bbox 295 3146 612 3236; x_wconf 17' lang='lat' dir='ltr'><strong>suscepissepuidean</strong></span> <span class='ocrx_word' id='word_1_157' title='bbox 661 3220 665 3228; x_wconf 57' lang='grc'>,</span> 
     </span>
    </p>
   </div>
   <div class='ocr_carea' id='block_1_2' title="bbox 763 3215 911 3387">
    <p class='ocr_par' dir='ltr' id='par_1_3' title="bbox 763 3215 911 3387">
     <span class='ocr_line' id='line_1_24' title="bbox 763 3215 911 3387; baseline 0 0"><span class='ocrx_word' id='word_1_158' title='bbox 763 3215 911 3387; x_wconf 64' lang='grc' dir='ltr'><strong>ιι</strong></span> 
     </span>
    </p>
   </div>
   <div class='ocr_carea' id='block_1_3' title="bbox 294 3427 1337 3634">
    <p class='ocr_par' dir='ltr' id='par_1_4' title="bbox 294 3427 1337 3634">
     <span class='ocr_line' id='line_1_25' title="bbox 394 3427 1336 3516; baseline -0.004 -22"><span class='ocrx_word' id='word_1_159' title='bbox 394 3429 608 3516; x_wconf 75' lang='lat' dir='ltr'><strong>Aggredienti</strong></span> <span class='ocrx_word' id='word_1_160' title='bbox 635 3438 746 3493; x_wconf 84' lang='lat' dir='ltr'><strong>autam</strong></span> <span class='ocrx_word' id='word_1_161' title='bbox 781 3448 935 3492; x_wconf 77' lang='lat' dir='ltr'><strong>enarrare</strong></span> <span class='ocrx_word' id='word_1_162' title='bbox 959 3427 1109 3492; x_wconf 82' lang='lat' dir='ltr'><strong>idearum</strong></span> <span class='ocrx_word' id='word_1_163' title='bbox 1134 3427 1336 3507; x_wconf 47' lang='lat' dir='ltr'><strong>doctrinamp</strong></span> 
     </span>
     <span class='ocr_line' id='line_1_26' title="bbox 294 3542 1337 3634; baseline 0.001 -23"><span class='ocrx_word' id='word_1_164' title='bbox 294 3546 420 3634; x_wconf 81' lang='lat' dir='ltr'><strong>duplex</strong></span> <span class='ocrx_word' id='word_1_165' title='bbox 449 3554 558 3614; x_wconf 87' lang='lat' dir='ltr'><strong>statim</strong></span> <span class='ocrx_word' id='word_1_166' title='bbox 585 3547 737 3612; x_wconf 77' lang='lat' dir='ltr'><strong>obiicitan</strong></span> <span class='ocrx_word' id='word_1_167' title='bbox 759 3545 947 3626; x_wconf 82' lang='lat' dir='ltr'><strong>‹liffioultas‚</strong></span> <span class='ocrx_word' id='word_1_168' title='bbox 977 3547 1083 3610; x_wconf 84' lang='lat' dir='ltr'><strong>altera</strong></span> <span class='ocrx_word' id='word_1_169' title='bbox 1106 3551 1142 3610; x_wconf 89' lang='lat' dir='ltr'><strong>in</strong></span> <span class='ocrx_word' id='word_1_170' title='bbox 1165 3542 1337 3612; x_wconf 74' lang='lat' dir='ltr'><strong>librorum</strong></span> 
     </span>
    </p>
   </div>
   <div class='ocr_carea' id='block_1_4' title="bbox 360 3791 1329 3862">
    <p class='ocr_par' dir='ltr' id='par_1_5' title="bbox 360 3791 1329 3862">
     <span class='ocr_line' id='line_1_27' title="bbox 360 3791 1329 3862; baseline -0.005 -15"><span class='ocrx_word' id='word_1_171' title='bbox 360 3797 387 3860; x_wconf 77' lang='lat'><strong>2)</strong></span> <span class='ocrx_word' id='word_1_172' title='bbox 410 3796 530 3847; x_wconf 75' lang='lat' dir='ltr'><strong>Bnanms</strong></span> <span class='ocrx_word' id='word_1_173' title='bbox 549 3795 582 3845; x_wconf 84' lang='lat' dir='ltr'><strong>de</strong></span> <span class='ocrx_word' id='word_1_174' title='bbox 599 3792 708 3862; x_wconf 82' lang='lat' dir='ltr'><strong>perditis</strong></span> <span class='ocrx_word' id='word_1_175' title='bbox 725 3791 833 3841; x_wconf 72' lang='lat' dir='ltr'><strong>Ariston</strong></span> <span class='ocrx_word' id='word_1_176' title='bbox 849 3793 924 3842; x_wconf 82' lang='lat' dir='ltr'><strong>libris</strong></span> <span class='ocrx_word' id='word_1_177' title='bbox 941 3792 975 3842; x_wconf 81' lang='lat' dir='ltr'><strong>de</strong></span> <span class='ocrx_word' id='word_1_178' title='bbox 992 3793 1063 3846; x_wconf 82' lang='lat' dir='ltr'><strong>ldeis</strong></span> <span class='ocrx_word' id='word_1_179' title='bbox 1082 3806 1107 3844; x_wconf 85' lang='lat' dir='ltr'><strong>et</strong></span> <span class='ocrx_word' id='word_1_180' title='bbox 1126 3793 1159 3844; x_wconf 79' lang='lat' dir='ltr'><strong>de</strong></span> <span class='ocrx_word' id='word_1_181' title='bbox 1183 3793 1256 3844; x_wconf 83' lang='lat' dir='ltr'><strong>Bono</strong></span> <span class='ocrx_word' id='word_1_182' title='bbox 1273 3794 1329 3842; x_wconf 78' lang='lat' dir='ltr'><strong>sive</strong></span> 
     </span>
    </p>
   </div>
   <div class='ocr_carea' id='block_1_5' title="bbox 291 3891 1329 4062">
    <p class='ocr_par' dir='ltr' id='par_1_6' title="bbox 291 3891 1329 4062">
     <span class='ocr_line' id='line_1_28' title="bbox 291 3891 1329 3960; baseline -0.004 -15"><span class='ocrx_word' id='word_1_183' title='bbox 291 3891 470 3960; x_wconf 78' lang='lat' dir='ltr'><strong>Philosophia.</strong></span> <span class='ocrx_word' id='word_1_184' title='bbox 502 3895 585 3949; x_wconf 80' lang='lat' dir='ltr'><strong>Bono.</strong></span> <span class='ocrx_word' id='word_1_185' title='bbox 604 3893 676 3946; x_wconf 79' lang='lat'>1823.</span> <span class='ocrx_word' id='word_1_186' title='bbox 709 3891 946 3942; x_wconf 63' lang='lat' dir='ltr'><strong>assensimus·</strong></span> <span class='ocrx_word' id='word_1_187' title='bbox 965 3891 1079 3944; x_wconf 81' lang='lat' dir='ltr'><strong>Platonis</strong></span> <span class='ocrx_word' id='word_1_188' title='bbox 1097 3891 1131 3944; x_wconf 80' lang='lat' dir='ltr'><strong>de</strong></span> <span class='ocrx_word' id='word_1_189' title='bbox 1147 3892 1215 3944; x_wconf 81' lang='lat' dir='ltr'><strong>ideis</strong></span> <span class='ocrx_word' id='word_1_190' title='bbox 1234 3904 1260 3943; x_wconf 79' lang='lat' dir='ltr'><strong>at</strong></span> <span class='ocrx_word' id='word_1_191' title='bbox 1275 3908 1329 3942; x_wconf 86' lang='lat' dir='ltr'><strong>nn-</strong></span> 
     </span>
     <span class='ocr_line' id='line_1_29' title="bbox 292 3989 1055 4062; baseline 0.008 -22"><span class='ocrx_word' id='word_1_192' title='bbox 292 3991 372 4062; x_wconf 69' lang='lat' dir='ltr'><strong>meris</strong></span> <span class='ocrx_word' id='word_1_193' title='bbox 391 3990 509 4060; x_wconf 62' lang='lat' dir='ltr'><strong>cloacina</strong></span> <span class='ocrx_word' id='word_1_194' title='bbox 526 3992 714 4060; x_wconf 54' lang='lat' dir='ltr'><strong>ansistotele,</strong></span> <span class='ocrx_word' id='word_1_195' title='bbox 730 3993 863 4044; x_wconf 81' lang='lat' dir='ltr'><strong>illustrata.</strong></span> <span class='ocrx_word' id='word_1_196' title='bbox 888 3990 962 4059; x_wconf 83' lang='lat' dir='ltr'><strong>Lips·</strong></span> <span class='ocrx_word' id='word_1_197' title='bbox 983 3989 1055 4054; x_wconf 76' lang='lat' dir='ltr'><strong>ill-6.</strong></span> 
     </span>
    </p>
   </div>
   <div class='ocr_carea' id='block_1_6' title="bbox 0 0 1432 5148">
    <p class='ocr_par' dir='ltr' id='par_1_7' title="bbox 0 0 1432 5148">
     <span class='ocr_line' id='line_1_30' title="bbox 0 0 1432 5148; baseline 0 0"><span class='ocrx_word' id='word_1_198' title='bbox 0 0 1432 5148; x_wconf 95' lang='lat' dir='ltr'><strong> </strong></span> 
     </span>
    </p>
   </div>
  </div>
 </body>
</html>
