2820 5152
525 443 694 466 ·---·
1077 416 1139 480 3.·ἰ’Ι

24 623 32 664 ι
80 603 178 692 piane
208 612 258 666 est
290 595 866 688 1·em0t'um‚·1ieque.expsrtibus
895 613 951 664 aut
976 604 1129 668 articulis

24 749 29 786 ι
78 729 181 812 (quac
201 743 381 807 corporum
403 732 455 785 est
466 721 601 813 natura)
622 726 804 799 concrevit,
829 743 1038 787 verounum
1060 724 1123 788 diri

27 898 32 909 .
79 846 180 911 debet
201 841 553 932 utque-individuum,
587 853 625 906 ut
651 841 741 930 quod
765 863 827 918 nce
854 841 1122 930 diridiuuquam

24 995 30 1030 z
81 971 187 1054 possit
206 988 269 1030 nec
284 963 426 1028 discerni
440 959 497 1053 ⁶⁰).
542 959 642 1025 Unde
667 961 824 1064 eflicitur,
844 985 950 1026 unum
969 962 1049 1027 illud
1070 968 1123 1028 iu-

23 1097 30 1153 i
83 1086 213 1150 tellecta
228 1095 385 1172 tanquam
406 1081 549 1148 formam
564 1093 664 1168 atque·
675 1082 887 1146 simulacrum
912 1094 1120 1168 conceptum,

23 1237 29 1276 ι
85 1225 192 1292 quum·
207 1203 290 1268 nihil
315 1227 335 1270 a
357 1215 476 1270 ustura
496 1209 554 1269 suu
574 1202 718 1266 alienum
732 1207 819 1268 inse
832 1200 968 1282 habeat,
990 1213 1123 1290 seraper

81 1348 150 1390 esse
174 1347 285 1390 unum
308 1335 342 1388 et
360 1325 477 1403 ἰάσω
496 1328 597 1410 igitur
618 1327 776 1388 essentiae
792 1345 831 1386 ao
851 1333 986 1388 naturae
1002 1347 1126 1412 perpes

23 1483 24 1508 t
80 1458 138 1510 tuo
151 1444 211 1510 sibi
226 1448 487 1508 constantisesse
504 1449 677 1532 particeps,
696 1446 888 1508 mutationis
900 1453 1011 1510 autam
1025 1445 1131 1530 plane·

80 1588 202 1653 expers
217 1557 273 1649 Ψ).

182 1683 395 1770 Quapropter
423 1663 511 1747 ideas
537 1683 578 1746 ob
610 1695 761 1748 uatmum
790 1703 886 1748 suam
915 1704 984 1746 esse
1012 1685 1120 1744 unita-

78 1817 130 1870 tes
152 1801 294 1893 (irrides)
315 1779 477 1890 periectos
493 1803 538 1890 ⁶²)
565 1815 597 1868 et
618 1825 749 1890 semper
778 1803 926 1882 casdem,
956 1824 1060 1888 quum
1077 1825 1117 1865 ex

82 1987 294 2005 ψ-

151 2091 194 2160 fo)
212 2083 295 2158 Soph.
314 2085 372 2145 245.
392 2088 431 2141 A:
446 2077 537 2161 tipipee
562 2088 645 2156 δήπου
671 2090 710 2141 dei
733 2087 862 2147 παντελῶς
878 2085 909 2140 τό
920 2108 949 2157 γι
966 2087 1074 2156 ἀληθῶς
1097 2089 1123 2139 ‘e'r

79 2193 212 2264 ιῖρῇοθαι.

148 2310 195 2375 61)
214 2310 270 2360 Cic.
288 2309 341 2375 Qu.
358 2307 405 2363 Ac.
417 2306 444 2366 I,
464 2307 492 2358 8·
508 2308 560 2374 Qu.
576 2309 693 2371 Tuse.l‚
712 2309 755 2362 24.

96 2440 99 2468 ³
148 2425 575 2494 62)Pltslels.15.d.·li.ptortidsc
592 2426 632 2482 56.
647 2428 680 2477 D.
715 2427 784 2476 lhecc
802 2424 1121 2476 etslittnonmtllavoca-

81 2523 146 2576 bula
167 2538 192 2574 et
202 2539 338 2592 praecepta
357 2543 370 2574 e
391 2524 608 2591 Pythagoreorum
628 2528 768 2594 disciplina
785 2525 920 2575 Platonem
937 2537 1027 2592 miuuo
1045 2540 1120 2572 sum-
1158 2553 1168 2598 g

79 2626 146 2672 sisse
165 2625 300 2676 contendit
314 2623 413 2698 Aemus
433 2625 464 2690 (l.
483 2626 501 2674 l.
516 2644 541 2694 p.
550 2627 630 2694 aple).
671 2626 783 2676 Plurimi
805 2627 877 2674 euim
901 2624 992 2672 secisse
1012 2624 1119 2671 illorum

80 2724 222 2773 homiuum
237 2725 398 2798 sapientiam.
433 2724 524 2792 Neque
544 2737 628 2790 potest
640 2728 745 2790 negem,
761 2725 833 2790 quod
851 2723 939 2773 Aetius
951 2722 1023 2770 idem
1034 2722 1120 2788 pluri-

82 2824 131 2871 bus
139 2823 203 2872 locis
214 2827 224 2872 l
225 2843 252 2890 p.
263 2821 309 2875 105
317 2851 348 2862 -
363 2821 417 2890 ¹⁵⁰7·
432 2823 486 2891 139.
503 2821 652 2891 157-165·
670 2825 726 2879 188.
740 2825 798 2875 341.
809 2823 867 2878 344.
879 2823 939 2874 552.
950 2820 1000 2889 367
1009 2851 1038 2859 -
1046 2821 1117 2888 57o.l

81 2921 235 2971 doctissime
255 2936 403 2989 persecutus
422 2937 477 2987 cst,
502 2925 631 2990 perrmtlta
650 2923 872 2990 Pythagoreorum
892 2933 1026 2988 praecepta
1049 2922 1119 2988 apud

83 3033 203 3072 nastrum
226 3024 426 3074 commemorari
445 3035 470 3074 et
493 3024 522 3074 ἰιι
544 3040 715 3074 suumusum
740 3023 861 3072 converti.
904 3020 1028 3071 Attamen
1055 3021 1119 3070 hacc

83 3121 174 3168 omnia
182 3157 190 3182 ,
209 3121 260 3170 nisi
275 3122 364 3183 fallor,
381 3123 415 3170 ita
427 3135 486 3172 sunt
497 3135 658 3189 scruposam,
676 3135 704 3172 ut
715 3137 846 3172 smmnam
858 3119 1040 3186 Philosophiae
1054 3121 1116 3173 Plat.

83 3231 192 3284 tangant
208 3220 254 3269 ills
273 3220 395 3284 quidem,
412 3221 522 3272 sednon
537 3221 654 3275 efficiant.
691 3223 720 3272 ln
732 3233 801 3270 tanta
815 3220 887 3269 euim
901 3218 977 3269 huius
995 3219 1119 3288 discipli-

85 3336 134 3368 nac
152 3319 307 3386 praestantia
326 3331 352 3369 et
372 3321 528 3386 perfectione
547 3323 602 3372 fieri
623 3340 676 3372 uon
692 3333 808 3388 poterat,
830 3332 859 3370 ut
882 3320 966 3369 eliens
985 3320 1117 3388 principia

86 3427 238 3484 sequeretur
256 3419 293 3482 is,
320 3420 365 3484 qni
383 3419 415 3468 ab
432 3432 485 3468 arte
501 3419 636 3472 dialectics
655 3422 783 3490 profectus
800 3421 875 3486 plane
888 3421 967 3470 aliam
982 3438 1012 3470 ac
1030 3421 1119 3471 diver-

87 3535 141 3568 sam
160 3513 342 3586 philosophiae
361 3518 490 3568 rationem
515 3533 604 3570 nactus
628 3535 708 3582 esset,
732 3536 812 3584 quarm
837 3520 883 3568 alii
900 3531 944 3570 ant
965 3521 992 3570 in
1012 3532 1118 3570 natutae

90 3619 304 3684 contentplstione
314 3629 358 3667 sut
370 3618 579 3668 innumerarum
590 3620 732 3670 rationibus
743 3619 869 3669 eliscendis
884 3619 959 3669 delixi
969 3623 1117 3672 universum

92 3715 183 3765 mttod't
202 3720 367 3785 cotuplcxum
390 3735 438 3768 suo
455 3717 537 3768 motlo
551 3719 695 3782 intelligere
713 3719 853 3770 studerent.
890 3722 1056 3788 Quapropter
1072 3742 1118 3790 per

88 3831 237 3880 aequoque
263 3829 288 3868 et
309 3817 449 3867 invenisset
471 3831 497 3868 et
517 3815 707 3886 proposuisset,
737 3837 801 3886 quae
822 3822 854 3871 ab
881 3824 935 3872 illis
957 3824 1117 3891 Heraclitus,

89 3913 273 3980 Pythagoreis,
290 3916 426 3981 Eleaticis,
442 3918 501 3966 aliis
517 3919 640 3969 surruisse
654 3919 738 3978 rideri
749 3921 843 3986 possit,
863 3924 911 3972 etsi
923 3923 1028 3976 illorum
1039 3947 1117 3995 prse-

88 4025 159 4079 crpta
177 4013 285 4063 incsuss
297 4016 389 4080 fuisse,
406 4017 477 4082 qttod
490 4017 524 4068 de
540 4018 635 4070 iisdem
653 4032 680 4070 ut
692 4019 732 4068 illi
745 4019 822 4070 tellus
840 4025 995 4076 senteutiam
1010 4028 1116 4092 diceret,

88 4129 138 4160 nou
159 4125 197 4162 est
214 4114 371 4180 negandum.
407 4116 581 4169 Veruntamen
603 4121 666 4170 alies
678 4120 830 4171 sttuilitmlo
844 4141 897 4176 non
917 4127 967 4176 uisi
986 4129 1013 4180 iu
1030 4131 1116 4181 vos-his

781 4231 849 4298 02
