2854 5148
278 405 327 485 st
772 375 924 458 '----

278 607 345 668 rice
372 602 412 660 sit
433 593 529 682 plane
553 613 673 678 expers
693 602 726 656 et
748 615 767 656 a
789 598 1000 682 generatione
1029 605 1066 664 et·
1083 601 1328 684 compositione

278 720 555 793 remotissimum,
579 713 615 777 id
636 713 780 800 simplex
795 709 955 802 (ἁπλοῦν)
975 737 1045 782 esso
1070 728 1213 804 oportet.
1248 720 1328 788 Neo

278 847 387 928 potest
412 835 503 915 fieri,
536 845 574 899 ut
594 837 716 900 mentis
747 837 922 930 conceptui
951 845 985 900 et
1015 841 1172 903 materiae
1200 838 1328 928 aliquid

278 965 320 1038 sit
337 977 522 1024 commune.
542 982 545 1002 =
562 955 712 1020 Tametsi
727 975 808 1022 vero
825 952 890 1018 hoc
903 959 948 1019 ita
965 967 1030 1038 est,
1051 968 1163 1021 tamen
1178 961 1327 1048 simplex

277 1078 367 1160 hand
390 1076 582 1164 intelligitur
608 1075 706 1156 illud,
740 1079 776 1140 in
800 1097 867 1162 quo
889 1075 973 1142 nihil
997 1077 1139 1166 amplius
1166 1077 1329 1168 distingui

279 1203 402 1288 possit,
428 1197 583 1286 quodque
605 1207 715 1260 totum
733 1199 773 1260 sit
790 1217 896 1260 unum
919 1207 963 1260 et·
979 1204 1072 1262 omni
1089 1198 1240 1287 qualitate
1264 1202 1327 1267 da·-

279 1326 448 1397 stitutum,
481 1317 576 1404 quale
604 1327 737 1403 praeter
762 1315 846 1380 nihil
874 1340 917 1384 ne
938 1317 1019 1418 fingi
1047 1319 1183 1406 quidem
1213 1334 1328 1408 potest

279 1441 459 1530 quidquam
474 1435 525 1522 ⁵²).
578 1435 632 1506 Ao
653 1436 795 1517 formas,
817 1459 901 1526 qum
918 1459 1034 1504 omnes
1055 1461 1171 1506 rernm
1185 1448 1329 1511 uirtutes

279 1566 469 1629 contineant
486 1568 520 1621 et
539 1562 701 1644 principia
717 1557 800 1622 adeo
818 1562 883 1622 siut
906 1563 1014 1622 omnis
1037 1567 1212 1646 essentiae,
1241 1588 1327 1632 con.

280 1690 390 1772 cipere
413 1679 509 1744 nihili
529 1679 727 1758 simillimas,
763 1678 855 1742 nullo
880 1691 978 1765 pacto
1007 1687 1169 1748 convenit.
1221 1685 1326 1752 Intel-

277 1806 336 1892 ligi
355 1805 455 1889 igitur
484 1799 582 1864 debet
609 1797 798 1888 simplicitas
816 1797 871 1862 illa
899 1809 1057 1889 tanquam
1078 1809 1235 1870 materiae
1254 1812 1323 1874 im-
1419 1885 1420 1890 γ

278 1928 421 1990 munitas
428 1971 438 2002 ‚
462 1941 567 2008 quum
590 1919 678 1986 uliud
700 1918 915 2012 vocabulum,
940 1943 1007 2007 qno
1028 1910 1128 1986 animi
1151 1934 1183 1988 et
1206 1948 1327 1994 rerum

279 2047 465 2111 diuinarum
484 2045 533 2105 vis
553 2039 694 2105 describi
708 2044 830 2127 possit,
852 2047 985 2128 praeter
1004 2041 1245 2130 simplicitatem
1265 2069 1329 2112 rea.

277 2169 425 2254 periatur
445 2161 585 2225 nullum.

380 2283 441 2348 Est
461 2292 573 2346 autem
597 2281 741 2368 simplex
754 2251 835 2345 liaeo
849 2253 967 2346 natura
982 2293 1050 2346 tota
1065 2306 1134 2347 una
1149 2293 1245 2370 atque
1264 2287 1327 2350 in-

279 2401 453 2484 desidua}¹
470 2407 539 2466 sira
559 2400 798 2466 adnumerum
818 2405 886 2467 sive
902 2402 1070 2489 adipsum
1092 2401 1227 2469 naturae
1243 2429 1325 2472 suae

277 2531 442 2591 rationem
470 2527 675 2608 respiciatur.
736 2521 878 2602 Quaevis
903 2523 956 2590 vel
984 2529 1077 2588 notio
1107 2524 1158 2590 vel
1189 2533 1328 2611 generis

277 2651 402 2734 species
424 2642 588 2732 infinitam
616 2665 733 2708 rerum
760 2642 981 2736 subiectarum
1007 2644 1255 2710 multitudinem
1285 2652 1328 2712 in·

276 2789 384 2856 unttm
405 2764 561 2850 colligens
583 2775 733 2844 estune,
763 2785 871 2852 neque
894 2763 977 2828 duaa
993 2775 1070 2829 sunt
1092 2765 1240 2831 eiusdem
1261 2791 1325 2855 ge«

276 2892 365 2952 neiis
395 2889 564 2966 notiones3
594 2889 696 2972 igitur
721 2883 892 2950 cuiuslibet
912 2885 1056 2948 notionis
1078 2891 1210 2950 nonnisi
1233 2911 1327 2954 rmus

276 3018 325 3071 est
352 3026 514 3070 numerus
530 3001 585 3091 ⁵⁸).
643 3003 693 3070 Ut
717 3015 766 3068 est
790 3003 929 3089 bonum
953 3026 1075 3083 unum,
1109 3029 1175 3070 nnn
1197 3013 1324 3090 uirtus,

275 3126 465 3215 pulcritudo
491 3144 557 3190 una
580 3123 630 3210 ⁵⁹).
697 3123 790 3203 Quae
824 3125 958 3214 quidem
988 3130 1122 3189 numeri
1147 3133 1257 3193 unitus
1282 3153 1325 3195 ac

224 3321 228 3339 ἱ
276 3247 464 3335 simplicitas
489 3246 585 3310 latius
612 3248 710 3310 etiam
740 3256 840 3334 patet.
898 3245 1034 3312 Etenim
1058 3245 1190 3336 quoda
1221 3271 1328 3316 sensu

279 3461 487 3478 *-

342 3585 387 3657 57)
406 3586 480 3636 Fecit
490 3561 578 3634 ¹tumen
591 3582 735 3650 Appuleius
753 3583 798 3650 (tle
811 3583 902 3649 dogm.
916 3569 1013 3640 runt.
1033 3567 1059 3652 pi
1073 3600 1128 3654 190.
1145 3585 1186 3640 ed.
1203 3585 1325 3638 Ouden-

274 3686 360 3754 dorp.)
376 3685 553 3734 luitiarerum
567 3675 683 3732 essenis
700 3684 836 3734 arbitratur
853 3683 939 3734 Plato:
974 3685 1062 3734 Deum
1081 3685 1257 3735 et'Materlam
1273 3702 1324 3736 rea

273 3801 383 3850 rutnquc
395 3785 521 3845 Formas,
540 3799 605 3848 quus
619 3782 691 3842 ἰδέας
704 3783 779 3834 idem
795 3794 884 3841 vocnt,
903 3783 1047 3843 absolutas,
1074 3783 1216 3848 informes,
1238 3785 1324 3837 nulla

271 3884 363 3952 specie
381 3901 433 3934 nec
448 3881 597 3956 qualitatis
613 3881 822 3954 significatione
835 3883 992 3962 distr'rzctqs.

339 3999 386 4068 58)
403 3999 624 4073 Aristot.llet.1,
641 3999 666 4053 d.
688 4020 714 4078 p.
733 3999 772 4050 tfi.
791 3997 821 4050 τὸ
840 3999 868 4050 tt
888 3999 956 4060 titos
974 3993 1040 4052 αὐτὸ
1059 3997 1085 4056 l'u
1102 4000 1211 4054 ἕκαστον
1226 3999 1324 4070 μόνον.

335 4115 351 4167 5
355 4119 380 4186 J)
402 4117 524 4186 Sympos.
537 4135 596 4172 211.
607 4119 703 4174 A-C.
721 4118 824 4168 Philet.
848 4116 884 4171 15.
893 4118 925 4175 Α,
940 4131 966 4168 st
976 4117 1057 4184 Gorg.
1073 4119 1174 4186 Phaedt
1183 4122 1251 4187 plur.
1265 4122 1324 4171 loca
