2854 5148
255 305 328 374 ·16
721 343 874 358 ----

276 499 383 562 citatis
398 497 434 558 iu
457 497 568 559 animo
584 497 749 574 oriretur,
774 498 838 558 nisi
857 498 926 580 ipse
944 503 977 556 et
997 512 1074 560 vere
1091 506 1175 560 esset
1194 503 1315 562 et'veii

280 613 413 702 aliquod
436 612 550 676 saltem
576 619 750 700 vestigium
775 607 973 699 impressum
994 613 1140 680 heberet.
1192 615 1260 695 Qui
1289 624 1315 680 si

281 737 388 798 omnis
403 735 597 816 cognitionis
610 733 750 796 rudisud
765 733 1077 822 contemplationem
1088 735 1207 798 'mundi
1217 741 1316 800 'ocem

280 855 390 931 deret,
413 851 710 916 brutoruminstur
734 852 786 917 vel
809 863 956 939 stuperet
979 850 1030 916 vel
1053 851 1207 919 horreret
1222 855 1315 920 odeo.

280 972 432 1039 Offendit
454 969 535 1034 hoec
559 970 707 1036 doctrina
731 965 801 1035 non
823 971 930 1058 solum
950 971 1118 1036 Platonico
1139 973 1196 1036 sed
1221 976 1315 1038 com-

280 1097 390 1159 munis
420 1095 519 1154 etium
550 1095 702 1155 omnium
731 1090 941 1156 humanitatis
975 1088 1189 1156 defensorum
1222 1099 1313 1157 omni

279 1227 432 1299 tempore
456 1231 531 1288 eos,
558 1214 633 1297 qui,
667 1223 913 1300 quum'porum'
937 1187 1109 1296 magnifice
1133 1209 1173 1274 de
1197 1225 1312 1278 nutura

280 1333 425 1398 humana
444 1332 617 1406 sentirent,
647 1328 689 1392 ud
711 1329 810 1393 bruta
827 1353 900 1393 eum
924 1329 1075 1393 unimulia
1096 1329 1314 1402 detruserunt.

281 1451 410 1516 Scilicet
432 1446 555 1512 fabulas
574 1437 703 1526 nurrat
733 1452 761 1512 si
784 1453 892 1536 quise
914 1431 976 1512 diis'
999 1452 1162 1534 originem
1184 1457 1313 1536 generis

279 1574 386 1637 nostri
401 1571 539 1653 repetit,
563 1587 641 1630 veru
662 1525 820 1648 docetis,
846 1573 902 1658 qui
924 1588 941 1631 o
958 1567 1170 1632 bestiarum
1159 1579 1314 1636 immoni-

282 1703 348 1756 tete
362 1685 551 1777 profectum
564 1691 698 1766 censet,
717 1685 898 1777 quidquid
888 1710 924 1750 m
937 1686 1031 1751 nobis
1047 1687 1095 1751 est
1110 1687 1154 1751 ult
1141 1698 1229 1772 tum,
1254 1716 1313 1757 uu-

197 1814 200 1830 '
280 1818 414 1898 gustum
432 1828 470 1869 ec
485 1803 694 1886 divinum22).

381 1925 451 1989 Iam
466 1945 546 1988 vero
562 1928 713 1987 scientiae
727 1911 891 1988 humanae
907 1929 1070 2012 originem
1088 1937 1127 1991 ut
1139 1935 1312 2016 perspicue

280 2051 406 2135 possim
418 2045 601 2132 explicare,
625 2043 864 2130 praemittenda
879 2055 927 2108 est
940 2035 1102 2132 expositio
1121 2059 1191 2112 tum
1204 2061 1312 2114 rectae

281 2169 476 2253 cognitionis
491 2176 563 2228 tum
576 2174 711 2228 naturae
726 2166 838 2226 euirni.
886 2161 1055 2252 Siquidem
1069 2167 1141 2230 fieri
1154 2189 1223 2231 non
1235 2157 1313 2254 pot-

281 2298 340 2365 est,
356 2289 416 2349 ut'
406 2305 433 2347 is
447 2303 543 2349 verne
558 2257 1311 2384 essentiuecognitionemtintellignt,qu1unim1‚

281 2413 348 2494 quo
365 2407 481 2469 cuncta
501 2403 746 2510 perciPiun'tur,
764 2398 805 2466 et
821 2397 985 2466 esseutiae
992 2408 1155 2469 rationem
1172 2391 1313 2531 ignoret
1356 2395 1359 2400 ¹

648 2525 888 2672 'gn

378 2647 492 2794 Atque
507 2669 743 2796 cognitionem
757 2701 983 2797 (ἐπιστήμην)
1006 2728 1113 2795 neque
1135 2677 1313 2784 consistere

281 2833 316 2892 in
332 2826 399 2890 solu
416 2848 531 2890 rerum
544 2847 643 2912 per
618 2829 731 2888 s'ensus
751 2829 963 2910 perceptione
980 2823 1315 2914 (argutissimum

280 2957 357 3034 post
372 2941 588 3010 Aristotelem
604 2943 725 3030 Lockii
742 2943 893 3032 discipuli
913 2945 955 3010 ud
968 2946 1112 3013 taedium
1135 2968 1239 3034 usque
1254 2946 1314 3021 de-

248 3042 250 3048 ¹
281 3075 513 3162 contriverunt,
549 3085 657 3152 neque
682 3068 720 3126 in
744 3085 823 3128 veru
851 3069 953 3148 uuimi
984 3070 1139 3152 opinione
1169 3063 1312 3162 (δόξῃ),

280 3206 366 3272 quae
394 3193 442 3246 est
464 3180 580 3278 Kontii
606 3187 795 3278 sententia,¹
817 3189 940 3263 inesse,
976 3198 1084 3274 neque
1108 3185 1312 3274 deniqueiu

280 3314 369 3368 recu
385 3323 498 3368 rerum
513 3302 700 3396 definitione
715 3301 854 3386 (ἀληθεῖ
867 3297 1041 3397 δόξῃμετά
1053 3299 1190 3395 trigon),
1217 3327 1318 3391 egres

280 3429 333 3510 gie
356 3422 448 3486 Pluto
472 3425 507 3484 in
519 3422 708 3518 „Theaeteto
734 3421 853 3512 docuit.
886 3423 1015 3510 ‘Quem
1038 3422 1165 3506 tibrum
1186 3429 1214 3488 si
1238 3430 1312 3512 quis

230 3547 232 3554 ’
278 3541 411 3628 legerit,
446 3545 473 3603 is
502 3539 543 3606 ad
566 3542 653 3606 uliud
680 3564 785 3628 genus
809 3546 977 3606 scientiam
999 3564 1068 3606 csse
1092 3542 1316 3614 revocandum

277 3658 607 3747 fute1·icogetur²⁸)..
630 3736 634 3742 ¹

346 3891 391 3955 27)
410 3887 451 3938 Ci.
473 3884 594 3952 myrtum
612 3884 645 3935 de
659 3883 810 3934 homiuibus
825 3886 853 3934 in
871 3885 1023 3950 Protegat-n,
1041 3885 1146 3936 aaut).
1158 3911 1192 3924 «-
1204 3887 1263 3940 322.
1273 3884 1310 3939 D.

345 3986 391 4052 28)
411 3985 466 4036 ctu
479 3986 531 4053 Qu.
545 3982 593 4036 Ac.
606 3983 659 4046 lv,
675 3981 716 4039 46.
740 3982 825 4036 Plato
841 4000 918 4034 osone
931 3984 1063 4040 iusticiam
1075 3985 1219 4042 sacrameto,
1235 3985 1323 4034 veri--
