2854 5148
742 547 778 652 ς..
821 549 881 616 22.

398 711 567 776 Conversa
586 709 655 768 inm
679 702 899 790 disputatione
918 699 961 763 ed
983 705 1207 788 quaestionem
1226 725 1338 790 oppo÷

297 839 393 899 sitnm
407 828 511 909 alteri,
536 829 689 914 ponitur,
715 843 824 886 unum
839 843 908 885 non
920 843 1001 886 esee.
1054 819 1143 904 Quid
1157 823 1235 888 inde
1252 847 1337 888 con-

264 980 267 988 ·
297 951 461 1020 eludendo
491 941 655 1014 efficitur?
712 937 768 1008 Ac
794 945 944 1027 primum
974 939 1110 1027 quidem
1134 965 1241 1008 unum
1268 943 1337 1008 hoo

296 1097 367 1139 non
387 1082 437 1136 est
448 1069 542 1134 ideae
557 1070 684 1146 unitos,
704 1062 763 1128 sed
775 1083 891 1126 rerum
905 1059 1122 1146 singularum,
1147 1085 1230 1150 quoe
1245 1065 1338 1151 apud

296 1215 359 1258 nos
380 1199 511 1256 suntet
534 1208 679 1276 quorum
702 1189 872 1247 intuemur
885 1180 996 1244 oculis
1016 1186 1179 1268 speciem3
1214 1193 1248 1248 et
1268 1207 1337 1249 non

299 1335 372 1378 erse
391 1309 482 1374 idem
503 1319 600 1396 ntqtre
623 1304 665 1370 ab
687 1301 954 1368 eliis-divorsum
968 1323 1037 1368 esse
1054 1306 1200 1389 ponitur.
1260 1303 1336 1384 Qun

298 1454 336 1496 re
357 1429 492 1494 definito
509 1426 724 1514 intelligitur,
747 1425 972 1512 quaestionem
991 1419 1077 1486 hanc
1097 1427 1228 1508 agion,
1255 1423 1337 1511 quid

297 1556 335 1616 in
360 1548 496 1636 singulis
524 1547 641 1627 rebus,
677 1549 705 1610 si
731 1549 820 1608 inter
846 1564 882 1607 se
906 1541 1051 1607 diversae
1080 1545 1162 1622 sint,
1197 1549 1334 1612 eveniat.

297 1669 337 1734 Id
359 1673 450 1734 enim
462 1679 627 1754 tunquam
646 1665 838 1730 concessum
859 1667 1012 1751 ponitur,
1034 1662 1098 1727 olio
1117 1685 1215 1728 sensu
1235 1687 1335 1752 quam

298 1789 365 1855 hoc
377 1793 480 1875 accipi
498 1809 570 1851 non
593 1783 714 1850 debere
731 1805 804 1848 non
825 1805 885 1848 ens
899 1784 951 1870 ²¹).
996 1783 1054 1849 Ex
1070 1805 1136 1870 quo
1160 1790 1335 1872 consequi-

298 1921 365 1987 tur,
391 1929 504 1972 wmm'
512 1905 578 1972 hoo
591 1929 660 1970 non
674 1927 735 1968 ens
748 1908 903 1991 cognosci
917 1915 950 1967 et
962 1901 1002 1966 eb
1014 1903 1085 1966 eliis
1098 1899 1242 1985 differre,
1266 1927 1334 1970 esse

298 2033 400 2115 igitur
414 2023 536 2114 aliquid
552 2025 728 2113 multisque
743 2022 1000 2113 proprietatibus
1011 2021 1214 2112 praeditum,
1233 2029 1336 2112 siqui-

257 2185 263 2199 1
300 2147 378 2214 dem
399 2167 507 2212 unum
525 2143 606 2210 illud
626 2165 735 2233 neque
756 2143 846 2208 eliud
867 2141 1052 2233 quoddam,
1083 2149 1137 2208 cui
1156 2145 1243 2208 idem
1257 2148 1336 2208 uni.-

293 2272 373 2332 'tatis
398 2278 524 2332 nomen
543 2264 759 2330 tribuendum
785 2268 844 2345 sit,
875 2283 946 2329 esse
967 2275 1108 2350 negetur
1135 2261 1238 2347 (161.
1253 2259 1297 2330 A.
1307 2269 1333 2349 ).

299 2386 377 2452 Hos
405 2407 483 2450 cum
501 2384 745 2472 diligentissime
760 2382 975 2448 Parmenides
995 2389 1147 2464 cavisset,
1179 2405 1222 2448 ne
1235 2405 1336 2472 proe-

299 2517 352 2572 ter
373 2504 440 2570 hoo
465 2525 586 2584 unum,
613 2503 703 2592 quod
723 2503 765 2568 eb
782 2503 851 2568 aliis
874 2503 1099 2590 distinguitur,
1121 2501 1209 2568 eliud
1229 2523 1335 2568 unum

299 2629 392 2709 (vere
413 2630 536 2711 unum)
556 2625 811 2712 intelligeretur,
831 2623 978 2690 attribuit
999 2629 1031 2689 'ei
1055 2629 1243 2690 societatem
1259 2645 1337 2688 oum

300 2745 386 2824 aliis,
414 2744 661 2810 similitudinem
681 2749 732 2808 sui
754 2756 787 2813 et
808 2744 1029 2810 differentium
1049 2743 1090 2808 ab
1109 2743 1195 2824 eliis,
1226 2748 1335 2831 itaque

300 2864 480 2930 modorum
501 2867 643 2936 rationes
670 2864 771 2947 (161.
786 2864 905 2951 E.)*'et
929 2869 1103 2930 essentiam
1125 2863 1217 2933 adeo,
1276 2863 1337 2928 Est

302 2988 392 3048 enim
406 3005 485 3050 vere
500 2986 562 3064 sio,
583 2993 622 3048 ut
636 2982 761 3048 dictum
777 2995 843 3068 est,
864 2983 918 3050 vel
930 2991 1143 3073 reperiuntur
1157 2983 1237 3050 hoec
1254 3007 1337 3073 pro·

305 3147 513 3167 ψ

302 3241 406 3292 rentur,
424 3247 489 3296 quae
507 3231 630 3297 quidem,
656 3233 701 3298 qui
723 3244 809 3282 totum
831 3243 899 3282 recte
920 3224 1091 3300 perspexerit,
1111 3233 1157 3282 vix
1180 3249 1255 3299 posse
1273 3251 1338 3300 prov·

301 3327 373 3381 bere.
409 3328 438 3378 P.
450 3329 492 3396 98.
508 3348 542 3380 ne
556 3331 666 3396 cogitari
686 3329 796 3396 quidem
811 3347 903 3397 posse,
925 3333 976 3396 ait,
1000 3330 1185 3382 Parmeniden
1202 3332 1248 3394 iis,
1272 3349 1338 3396 quse

302 3428 331 3478 in
347 3427 445 3480 uenae
461 3427 523 3482 sihi.
539 3446 682 3496 repugnare
704 3429 855 3489 videantur,
887 3447 915 3480 se
939 3430 1027 3498 ipsum
1049 3431 1177 3488 refellere.
1219 3430 1339 3482 Omnino

302 3526 375 3577 culm
393 3526 420 3577 iu
437 3525 488 3577 hoc
501 3527 615 3577 Platonis
634 3545 711 3595 opere
729 3511 885 3579 sententiam
902 3531 935 3580 de
951 3530 1067 3582 doctrine
1085 3529 1248 3589 Parmenidis
1263 3533 1339 3582 nullo

301 3638 376 3692 pecto
398 3641 453 3674 esse
472 3625 647 3690 quaerendem
667 3625 772 3695 (lnge).
807 3627 837 3678 ln
852 3629 946 3694 quibus
961 3628 1034 3680 Schl.
1049 3629 1144 3690 verbis,
1161 3619 1243 3695 quum
1259 3647 1339 3696 ergu-

301 3725 397 3774 mentis
415 3723 518 3774 idoneis
535 3727 719 3776 confirmentur
735 3727 831 3791 nullis,
850 3745 905 3778 non
922 3728 1009 3778 minus
1028 3740 1066 3780 est
1084 3728 1245 3784 obscuritatis
1259 3739 1339 3794 quern
1391 3780 1394 3790 ,

303 3822 492 3888 ambiguitati&

352 3943 395 4006 71)
413 3957 439 4007 p.
453 3938 509 3992 16..
528 3939 557 3996 C.
575 3939 607 3992 ed
623 3937 660 4012 μὴ
676 3937 705 4002 dr
724 3943 808 4014 fragor
826 3939 1078 4010 rebellioriem,
1096 3941 1159 3998 ὅταν
1176 3945 1250 4013 elutis
1274 3941 1301 3997 ἓν
1319 3943 1339 3996 sl
1413 3951 1414 4002 l

299 4031 336 4106 μὴ
355 4039 416 4088 lon.
920 4097 922 4102 ,
1412 4035 1414 4116 l
