2854 5148
272 387 332 464 te,
722 425 880 446 -——-

272 589 331 666 sit,
353 576 528 669 ‘quomodo
548 581 718 656 enim'eu,
745 587 833 664 quoe
851 583 1114 664 permutetiones
1135 589 1170 645 et
1190 583 1321 646 vicissi-

271 703 401 770 tudines
433 697 596 778 subemrt,
630 717 711 762 vere
733 701 860 782 possint
890 696 985 764 esee?
1048 698 1149 779 Quod
1180 700 1319 786 quidem

272 827 347 890 utut
364 831 431 900 est,
455 830 570 884 temen
589 811 744 904 cognosti
765 827 875 903 potest
896 823 1052 904 opinione
1065 815 1176 915 (δόξῃ)
1191 826 1224 884 et
1236 843 1319 907 per-

271 947 422 1032 ceptione
433 934 633 1033 (alcoinum
653 959 703 1003 ex
717 959 784 1026 qno
797 942 963 1024 pertinere
978 945 1148 1005 scientium
1165 939 1318 1025 (ἐπιπή-

271 1061 365 1155 μην)
401 1060 444 1126 od
474 1063 667 1147 opinionem
693 1057 734 1122 de
765 1060 931 1124 eiusmodi
961 1061 1069 1126 rebus.
1091 1061 1318 1128 deliniendum

212 1195 214 1200 '
272 1185 434 1272 cogitur..
718 1213 721 1230 ·
1183 1236 1187 1245 ,

285 1333 291 1344 ·
373 1298 617 1370 Admirabilem
630 1296 716 1364 hone
730 1299 774 1366 de
789 1301 974 1366 Existenliu
987 1297 1098 1366 Unius
1116 1301 1203 1366 illius
1220 1323 1317 1366 com-

271 1425 510 1504 mentationem
529 1418 706 1484 ⁴tredeoim
734 1423 862 1508 paginis
877 1417 1003 1516 .(142.
1022 1420 1060 1486 0.
1074 1421 1224 1490 -1551
1248 1420 1318 1511 D.·)

273 1542 457 1618 absolutum
484 1544 512 1605 si
528 1529 621 1628 ‘quis
648 1549 771 1606 attente
802 1549 838 1605 et
864 1539 1038 1629 diligenter
1059 1541 1255 1628 perlegerit,
1285 1546 1315 1606 is

270 1662 421 1754 profecto
443 1673 477 1728 et
498 1659 743 1726 subtilissimum
765 1674 800 1726 et
823 1665 1029 1730 verissimam
1054 1683 1129 1726 eom
1149 1659 1317 1729 iudioehit.

269 1787 453 1852 Neminem
474 1780 566 1848 enim
584 1780 689 1846 lutere
708 1787 775 1848 ium
794 1794 894 1873 puto,
920 1781 962 1846 de
987 1805 1053 1870 quo
1072 1780 1152 1846 Uno
1175 1781 1314 1848 dicutur.

270 1907 333 1972 Est
360 1903 443 1970 huec
468 1925 587 1968 rerum
616 1907 654 1970 in
681 1922 797 1966 sensus
829 1907 1072 1968 incurrentium
1108 1906 1315 1982 universitas,

271 2047 372 2116 quum
389 2023 528 2088 dicimus
549 2022 733 2103 mmtdum,
761 2027 820 2110 qui
840 2027 1007 2108 cerintus,
1043 2045 1109 2110 qna
1127 2034 1170 2088 ut
1196 2045 1314 2088 omnes

225 2173 228 2178 ·
271 2167 325 2210 res
347 2143 494 2230 dngolae
517 2143 595 2208 licet
622 2141 861 2210 diversissimae
889 2141 1232 2231 comprehenduntur,
1266 2148 1313 2208 itu

270 2287 377 2331 uuum
392 2263 447 2328 illo
459 2263 653 2352 appellatio.
702 2261 752 2328 At
763 2269 912 2350 :speciem
925 2275 1054 2330 nutum
1069 2267 1198 2328 unitatis
1212 2285 1313 2349 pres„

270 2385 343 2465 bot,
371 2381 415 2448 ut*
430 2402 537 2472 supra*
552 2381 600 2473 (p.
618 2381 694 2466 392)
713 2381 916 2449 domimus·
954 2382 1184 2465 Quamobrem
1203 2393 1235 2447 et
1258 2407 1313 2448 es-

271 2503 406 2569 seutiae
428 2502 545 2568 eedem
569 2513 619 2568 est
640 2507 738 2570 ratio.
792 2505 875 2570 Non
888 2501 962 2590 fest,
992 2501 1218 2592 quodamque
1235 2525 1316 2570 mn·
1414 2507 1415 2518 ’

269 2629 386 2692 tutioni
403 2622 588 2688 obnoxium
603 2617 656 2715 (τὸ
674 2621 881 2714 γιγνόμενον)
894 2629 1078 2710 invenitur3
1103 2623 1194 2711 quod
1208 2647 1312 2712 quum

250 2768 341 2818 „esse
362 2742 712 2830 temen-perhibemr,
734 2770 813 2812 -uon
838 2746 923 2814 illud
943 2767 1021 2812 vere
1044 2751 1111 2810 sive
1135 2766 1206 2808 non
1226 2767 1314 2810 sem-

269 2887 332 2952 per
360 2875 409 2930 est
429 2873 599 2928 unumst
619 2865 728 2946 idem,
750 2867 857 2952 ‘qmd
888 2877 1015 2931 constet
1044 2865 1107 2930 sibi
1127 2887 1312 2953 nuoqmm,

270 2985 327 3049 sed
350 2983 388 3050 tn
410 2988 718 3073 continue‚·neque
737 2990 800 3050 nisi
816 2985 992 3052 articulum
1016 2990 1193 3072 temporis,
1220 2988 1311 3075 quod

271 3117 480 3171 momentum
502 3101 640 3168 dicimus
657 3100 710 3187 (τὸ
727 3103 913 3202 ἐξαίφνης),
940 3107 1036 3171 durat
1053 3105 1101 3194 (p.
1114 3105 1197 3172 155.
1212 3107 1314 3172 E.-

272 3225 354 3292 157.
370 3223 424 3310 Β.)
473 3223 530 3290 Ex
544 3246 631 3312 quo,
649 3237 809 3316 quantum
822 3227 1038 3294 tribuendum
1053 3231 1095 3291 sit
1104 3225 1312 3292 Heracliteue

270 3345 455 3424 doctrinae,
491 3343 597 3417 fluere
612 3351 733 3412 ,omniu
753 3369 815 3414 neo
836 3353 1015 3414 consistere
1036 3345 1236 3438 quidquam,
1278 3359 1313 3414 et

269 3489 371 3555 quom
393 3465 457 3530 lete
475 3475 601 3551 puteat,
627 3467 833 3556 intelligitur.

371 3587 465 3651 Haec
488 3589 608 3650 sicum
629 3591 687 3669 iis,
724 3612 807 3676 qune
834 3612 933 3678 supra
955 3589 995 3654 de
1019 3611 1097 3653 veru
1118 3611 1234 3654 rernm
1257 3609 1312 3652 es-

269 3712 388 3787 sentia,
419 3727 502 3796 quue
523 3709 559 3769 in
573 3705 654 3770 ideis
677 3715 841 3791 cernitur,
868 3721 900 3775 et
923 3707 963 3774 de
986 3713 1178 3774 einstentioe
1192 3731 1311 3773 rerum

268 3825 490 3892 humanorum
521 3829 638 3893 nutura
670 3836 924 3918 proposuimus,
961 3841 1214 3915 comparentur,
1244 3833 1310 3890 nisi

267 3945 381 4027 felioc,
412 3952 645 4036 perspicietur,
678 3948 743 4015 hoc
766 3973 891 4032 unum,
918 3950 1006 4038 quod
1031 3961 1080 4014 est
1102 3944 1164 4030 (τι)
1178 3954 1213 4018 ἓν
1229 3943 1311 4034 dv),

267 4068 355 4132 idern
377 4072 517 4155 reperiri
538 4068 627 4156 quod
641 4077 879 4162 nentpercnlvon
893 4070 973 4135 illud
989 4075 1022 4134 in
1036 4068 1174 4134 Philebo
1189 4067 1237 4157 (p.
1249 4069 1310 4135 23.
