2854 5148
530 354 685 376 --·
1108 329 1130 396 3

96 516 340 583 Platonicorum
357 508 471 574 indole
489 512 612 595 posita,
632 505 734 572 altena
748 503 897 594 profesta'
907 509 948 575 ab
965 533 1025 579 usu
1038 515 1129 583 idea-

93 659 166 702 rum
181 633 276 722 apud
294 643 423 698 nostros
441 630 603 698 homines.
654 627 805 707 Quarum
822 631 956 717 quidem
971 632 1051 699 haec
1070 653 1127 703 re·-
1182 704 1185 711 ,

93 759 221 822 moveri
236 763 345 840 potest
361 773 409 831 eo,
429 761 468 815 ut
481 749 653 814 Platonem
667 746 811 834 legentes
825 748 974 816 animum
989 754 1030 818 ab
1044 757 1125 824 ideis

93 875 277 952 alterno.
297 871 458 952 danubio,
493 861 690 954 schellingio
716 872 752 931 in
775 867 904 934 scholas
930 877 1124 944 introductis

93 996 191 1082 plane
213 1001 402 1071 avocemus,
424 1013 462 1055 ac
477 961 743 1067 mummulus,
767 994 897 1077 antiqua
913 1010 992 1074 nos,
1017 971 1124 1086 neque

96 1101 555 1198 nostraesapienuae·'ptacin
574 1129 645 1172 esse
666 1107 836 1175 relaturos.
859 1134 862 1146 ·
888 1111 999 1178 Maior
1013 1130 1123 1184 autem

93 1237 196 1296 oritur
211 1253 255 1296 ex
270 1242 389 1314 natura
404 1229 585 1312 librorum',
610 1247 653 1290 ex
674 1225 792 1312 quibus
808 1229 957 1297 ideatum
975 1234 1123 1303 doctrina

91 1349 268 1436 repetenda
298 1343 363 1430 est,
388 1349 594 1436 *ambiguitate
645 1345 779 1410 cenant
809 1336 897 1415 enlm
923 1352 1122 1443 philosophi,

76 1451 205 1532 *altrum
218 1473 255 1531 tn
264 1469 412 1556 legendis
434 1465 708 1555 philosophorum
722 1467 818 1532 ¹libris
831 1463 959 1556 'singula
977 1477 1123 1561 singulo.

88 1609 170 1653 rum·
180 1587 334 1652 bauran
346 1585 581 1673 veiha'·d1·geri
602 1598 766 1674 oportent,
783 1599 858 1676 'quo
876 1599 987 1655 tensus
1003 1593 1123 1661 efficia-

88 1719 351 1787 tur‘certus3·‘an
373 1707 486 1786 liceat,
507 1703 987 1795 minusquidem'singuloium
1001 1709 1122 1780 verho'-
1150 1783 1161 1810 x

88 1847 165 1892 rum
186 1831 423 1892 continuationi
439 1825 619 1890 tribuendo
641 1827 697 1890 sed
713 1842 841 1891 stamma
856 1839 984 1894 tantum
999 1833 1122 1900 doctri*-

88 1947 293 2012 naecollectu
307 1959 426 2012 etcum
440 1946 572 2032 singulis
584 1951 774 2031 composita,
790 1949 957 2034 scriptoris
974 1961 1120 2021 mentem

87 2072 224 2156 assequi.
275 2065 330 2134 Ao
350 2067 429 2155 quid
451 2067 504 2130 illa
526 2070 631 2152 priori
646 2069 915 2151 interpretatione
935 2073 970 2131 i'n
984 2070 1120 2138 Platone

88 2186 243 2251 effectum
254 2191 307 2267 sit,
317 2188 473 2252 ¹videmus
482 2193 559 2250 ‘tum
575 2190 609 2250 iu
619 2185 788 2248 Meinersii
804 2195 837 2248 et
850 2186 990 2252 aliorum
1003 2195 1120 2257 incon·

87 2310 203 2370 stantia
210 2277 223 2385 ,⁸
245 2316 318 2370 tam
331 2313 368 2370 in
385 2307 584 2371 dissensione
599 2305 639 2368 de
655 2303 831 2367 substantia
846 2305 1016 2396 idearum.
1055 2313 1119 2378 Al:

86 2439 157 2491 tera
182 2432 293 2516 quanti
313 2435 399 2490 esset
419 2425 582 2504 iacienda,
610 2421 792 2489 luculenter
808 2423 991 2492 docuerunt
1006 2425 1120 2497 Schel-

85 2545 196 2633 lingii,
227 2539 415 2626 Coenon,
438 2547 589 2611 ‘aliorum
604 2543 645 2608 de
660 2541 796 2607 Platone
813 2545 947 2617 iudicia3
960 2549 962 2554 ’
973 2555 1030 2635 qui
1048 2557 1122 2639 qui.

86 2666 165 2730 dem
181 2665 351 2730 Graecum
366 2670 401 2728 in
417 2675 510 2732 suain
527 2663 683 2730 familiam
698 2662 874 2729 adsciscere
890 2672 1039 2734 certatim
1053 2684 1122 2738 stu-

86 2785 243 2851 duerunn
293 2785 338 2850 Et
359 2805 439 2852 vero
455 2794 658 2873 quantopere
675 2789 711 2848 in
727 2783 860 2872 mythis
871 2784 1046 2854 Platonicis
1062 2813 1123 2857 ex-

82 2905 246 2992 plicandis
268 2903 365 2968 multi
389 2903 543 2983 luserint}
568 2913 670 2992 quum
696 2903 749 2968 alii
771 2904 953 2990 plurimum
972 2909 1025 2973 alli
1040 2911 1123 2976 nihil

84 3028 127 3088 iis
147 3047 215 3088 esse
232 3023 447 3088 tribuendum
467 3024 664 3103 iudicarent,
691 3027 769 3087 cum
791 3023 919 3089 fastidio
942 3020 1037 3115 saepe
1062 3030 1123 3098 e'x'-

81 3147 193 3231 periri
215 3149 361 3230 oportuit
374 3143 414 3232 ³).
444 3142 670 3234 Quapropter
697 3147 742 3232 sic
761 3143 904 3210 arbitror
926 3151 961 3212 in
982 3135 1122 3217 lectione

154 3408 185 3477 ὅ)
205 3407 284 3458 Varia
295 3405 328 3456 de
344 3405 593 3474 mythis'l'letoaiois
607 3405 704 3460 iudicia
715 3425 740 3459 v.
750 3407 821 3477 opud
833 3407 1006 3462 lliirrnnnou
1021 3413 1049 3464 ia
1062 3413 1124 3466 diss.

83 3505 120 3556 de
139 3505 243 3572 mythis
259 3505 382 3557 Platonis.
404 3505 479 3574 Lips.
496 3505 568 3573 1788·
583 3523 609 3572 p·
626 3505 650 3557 6.
667 3523 692 3576 7.
712 3506 746 3559 cs.
780 3505 930 3558 Scnhauns
946 3509 1002 3561 Rei.
1015 3531 1041 3562 n.
1055 3495 1124 3564 Phil.

85 3621 115 3668 p.
134 3603 179 3653 35.
198 3616 223 3653 et
241 3605 391 3654 Baunonem
407 3621 461 3653 aar.
477 3605 534 3691 ¹⁰⁰3
564 3603 619 3654 Asu·
637 3605 700 3655 Plat.
717 3605 782 3655 Leb.
799 3623 826 3655 u.
844 3605 918 3656 scta.
937 3625 963 3674 p.
982 3607 1123 3680 rofi-109.

87 3699 245 3768 157—166.
265 3704 292 3752 in
312 3719 365 3767 quo
388 3705 448 3752 loco
465 3701 584 3768 mythum
603 3704 630 3753 in
650 3703 791 3753 Phaedone
808 3705 840 3754 ab
861 3705 933 3755 lndis
949 3724 1032 3771 usque
1049 3726 1126 3775 repe-

83 3801 145 3860 tiit,
179 3811 205 3850 et
229 3799 403 3850 Brahmaismi
431 3812 457 3850 et
477 3793 632 3851 Platonisrni
655 3790 777 3877 intinurn
798 3790 1012 3854 'coniunc'tione'm
1037 3801 1125 3856 villole

80 3899 138 3948 sibi
156 3900 229 3949 viriet
250 3911 312 3950 est·
331 3902 404 3966 Quae
424 3899 533 3964 quidem
550 3901 675 3967 sapientia
694 3902 791 3952 novitia
808 3879 895 3952 'nimia
913 3903 973 3951 iam'
986 3885 1126 3954 foecundi-

80 4010 136 4050 tate
157 4010 184 4048 et
202 4000 317 4050 abertate
334 4017 362 4050 se
383 4000 438 4068 ipsa
456 4001 537 4067 paene
555 4002 666 4052 enecuit.
699 4002 809 4062 Sobrie,
825 4015 854 4052 ut
872 4003 953 4062 solet,
975 3999 1125 4052 scrama-

795 4109 868 4178 Aa
